3425 5075
563 501 1160 609 auspican.

372 663 434 724 vite
451 657 495 720 vel
513 657 632 734 arbore,
649 658 712 721 Col.
725 657 791 722 nib.
810 681 845 722 10
860 659 975 742 (osope.
997 656 1067 722 Pall.
1087 681 1133 739 11,
1153 680 1178 746 ς.
1192 659 1277 743 plaga
1287 660 1337 732 fila

371 743 460 814 sura,
475 738 538 802 Col.
560 765 597 815 4,
620 763 664 822 29.
681 741 758 814 hiat,
775 740 837 802 Col.
854 764 889 816 4,
909 763 955 823 29.
1448 767 1450 769 ·

413 822 544 898 Plagius,
567 823 675 900 rigidus
698 823 767 891 bos,
790 823 859 899 Veg.
886 843 921 903 3,
937 823 976 897 46
997 823 1054 884 lem.

412 903 525 964 Plancae
543 903 686 975 roborea,
704 901 772 965 Pali.
795 923 821 978 1,
840 924 888 964 ιι.
909 905 1026 964 Tabulas
1041 905 1142 984 planas
1157 907 1341 986 interpretatur

370 987 439 1065 Festi
464 1003 597 1064 corruptor
618 986 713 1046 Barth.
739 1008 796 1066 39,
816 987 846 1045 8.
870 985 919 1042 Ex
947 986 1090 1045 Aldhelmo
1109 988 1135 1046 ce
1156 988 1220 1046 ollis
1238 988 1338 1066 profert
1435 1020 1437 1028 ·

375 1069 458 1126 Gron.
481 1065 541 1144 obff.
565 1066 624 1126 eccl.
644 1087 667 1126 c.
685 1089 739 1136 20,
755 1087 783 1141 p.
800 1091 856 1128 aar.
878 1067 999 1146 Scloertg.
1027 1067 1175 1148 Respondet
1199 1069 1338 1129 Gallorum

371 1145 515 1226 plancho,
530 1145 556 1204 o
570 1148 676 1226 nostrum
689 1145 804 1207 Planke.

412 1228 518 1290 Planta
536 1245 601 1286 curn
629 1224 801 1287 animalibus
827 1223 1045 1292 similitudinem
1069 1225 1193 1302 habent,
1215 1228 1278 1290 Col.
1301 1247 1334 1306 3,

374 1328 420 1370 10.
438 1306 553 1385 proprie
572 1307 652 1380 lunt,
676 1328 738 1385 quae
759 1325 823 1366 curn
838 1305 988 1379 ,radicibus
1016 1308 1243 1382 transferuntur,
1263 1309 1336 1370 Pall.

376 1408 411 1471 ς,
428 1413 454 1449 a.
471 1408 533 1448 nea
551 1389 617 1448 diris
636 1387 807 1448 animalibus
826 1400 1001 1462 carpantur,
1021 1387 1085 1449 Col.
1108 1409 1162 1463 ro,
1176 1408 1241 1465 351·
1256 1393 1311 1450 Sed
1319 1394 1335 1423 ⁸
1463 1424 1467 1434 ·

371 1469 501 1546 plantam
527 1470 563 1529 de
581 1469 693 1530 ramulo
713 1469 808 1529 lecum
829 1469 922 1530 defert
941 1467 1005 1528 olea
1024 1464 1265 1546 detpercullione
1281 1470 1339 1530 ad·

371 1551 469 1625 versa,
486 1551 565 1611 Vari.
590 1572 621 1627 1,
640 1571 685 1634 55.
702 1552 746 1611 lta
764 1568 819 1628 pro
837 1569 918 1610 ramo
942 1551 1072 1621 minore,
1098 1551 1165 1612 Col·
1184 1572 1218 1631 ς,
1242 1571 1288 1612 ιο.
1305 1552 1338 1615 ir.

370 1631 534 1794 ξῖἓὲἱῗκὸ
558 1633 630 1692 rami
647 1636 713 1716 fitur
731 1633 908 1714 synonyma,
933 1629 997 1693 Col.
1028 1632 1096 1695 nib.
1122 1652 1169 1695 20.
1195 1634 1253 1694 vid.
1277 1631 1337 1694 De·

413 1795 554 1857 Plantaria
574 1809 606 1854 ut
626 1793 776 1866 facienda,
794 1791 857 1856 Col.
877 1791 945 1858 nib.
965 1791 1202 1874 3.ceral1,Pall.
1223 1815 1271 1872 ιι,
1290 1805 1339 1863 ιι·
1436 1847 1439 1853 .

371 1877 473 1937 cardui
495 1877 589 1936 donec
606 1875 782 1949 solidentur,
800 1873 868 1938 Pall.
883 1899 918 1952 4,
930 1898 957 1957 9.

413 1956 580 2019 Plantantur
601 1957 647 2017 vel
670 1957 798 2018 seruntur
820 1955 932 2033 cauleS,
947 1955 1015 2022 Pall.
1031 1977 1066 2032 4,
1079 1978 1112 2039 9.

411 2036 564 2101 Platani'na
585 2036 671 2110 folia,
695 2038 759 2102 Col.
784 2058 834 2110 ιι,
848 2040 893 2102 16.

389 2108 546 2182 ‘Platanos
571 2119 642 2181 folia
665 2118 764 2180 hieme
783 2139 843 2179 non
856 2121 1020 2194 amittens,
1036 2120 1114 2180 Varr.
1134 2139 1159 2193 u,
1176 2139 1205 2195 7.
1228 2119 1258 2180 in
1278 2117 1339 2200 luy-j

369 2217 426 2262 ceo
438 2247 447 2270 ,
461 2201 538 2262 Varr.
561 2223 586 2273 1,
601 2223 647 2284 37.
668 2201 790 2278 platano·
805 2199 937 2261 inseritur
951 2199 1064 2277 malus,
1081 2199 1152 2264 Poll.
1172 2198 1228 2264 Ins.
1247 2199 1297 2282 87.

413 2281 628 2361 Platycoriasrs,
650 2286 705 2346 vio
728 2284 811 2344 Coie.

413 2361 522 2440 Plebeji
544 2363 657 2425 seminis
678 2363 771 2443 pulli,
795 2360 859 2426 Col.
880 2383 917 2444 9,
936 2382 982 2424 ιι.

413 2443 515 2519 Plebs,
530 2448 561 2505 de
579 2447 694 2527 apibus,
716 2443 780 2508 Col.
800 2450 837 2526 9',
852 2466 881 2527 9.
897 2443 954 2506 oid.
978 2442 1073 2524 Heinfi
1094 2445 1133 2502 ad
1148 2443 1226 2526 Virg.
1243 2445 1339 2527 Georgs

370 2547 569 2670 ⁴’Plinitudo
591 2608 725 2684 modica,
745 2608 763 2667 ἱ.
780 2632 801 2667 e.
818 2604 972 2684 craffirudo,
994 2603 1058 2668 Col.
1074 2627 1111 2681 4,
1132 2626 1178 2687 30.

417 2688 528 2749 Plenus.
544 2686 629 2767 plena
651 2690 723 2751 foetu
746 2688 816 2760 bos,
836 2688 900 2751 Col.
918 2688 957 2760 6,
974 2710 1020 2762 24.
1041 2687 1130 2767 usque
1148 2688 1188 2749 ad·
1205 2686 1336 2764 plenum,

370 2768 444 2833 Pali.
466 2792 500 2846 2,
524 2789 567 2851 15·
590 2767 667 2847 pleni
688 2790 722 2833 ex
739 2770 848 2831 furfure
864 2768 977 2841 sacelli,
997 2770 1068 2847 Veg,
1094 2792 1130 2843 1,
1143 2791 1187 2851 52·
1202 2770 1337 2847 *plenio-

371 2872 417 2915 res
434 2852 510 2913 facio
529 2868 640 2925 tauros,
657 2874 750 2934 oppon.
770 2855 883 2926 macris,
897 2853 977 2914 Van.
994 2872 1023 2929 ι,
1047 2872 1072 2934 5.
1089 2852 1202 2929 plenior
1211 2855 1290 2913 eriam
1303 2852 1340 2935 est

373 2958 418 2996 cra
438 2956 493 3005 zor,
509 2932 573 2994 Col.
594 2957 629 3007 4,
651 2956 695 3015 29.
716 2937 771 2997 vid.
786 2933 949 2995 Plenitudo,

415 3016 614 3077 Pisonisni
631 3018 769 3076 Varronis.
788 3017 816 3076 Si
830 3017 907 3075 videt
920 3032 970 3073 eos
985 3012 1047 3073 fore
1059 3024 1092 3073 ut
1107 3012 1269 3089 pestilentia
1283 3007 1339 3071 dil·

371 3109 492 3176 pereant
520 3117 543 3168 1,
561 3118 586 3158 2.
604 3115 671 3157 curn
689 3096 803 3156 easdem
820 3094 844 3154 n
855 3095 989 3170 fregeris,
1011 3115 1038 3167 1,
1051 3114 1080 3164 7.
1098 3108 1185 3169 atque
1201 3113 1255 3166 ea,
1273 3111 1339 3168 quae

372 3177 459 3239 exiis
482 3176 560 3239 nasci
582 3176 713 3251 debent,
736 3196 832 3237 earum
861 3194 956 3235 rerum
973 3174 1092 3251 feracia,
1118 3194 1148 3248 1,
1165 3194 1192 3251 9.
1217 3192 1284 3235 curn
1299 3191 1336 3232 eo

395 3272 529 3327 taeterea‚
552 3278 584 3339 3,
605 3278 629 3339 5.
649 3258 749 3321 villam
774 3256 990 3327 aedificandum,
1011 3266 1043 3313 ut
1069 3252 1143 3313 intra
1163 3254 1242 3328 septa
1260 3251 1338 3313 villa

369 3278 480 3426 gabaat
508 3358 630 3418 aquam,
647 3362 672 3414 1,
693 3361 738 3401 11.
762 3336 938 3399 adminicula
959 3335 1131 3410 hominum,
1147 3333 1205 3394 line
1232 3333 1338 3411 quibus

372 3421 478 3494 rebus,
495 3441 527 3495 ι,
552 3442 595 3497 17.
617 3439 753 3500 numerus
774 3441 834 3482 non
853 3420 894 3481 ast
913 3430 944 3477 ut
969 3417 1001 3477 lit
1024 3414 1229 3489 adamuffini,
1252 3436 1286 3488 2,
1309 3434 1337 3478 1.

370 3501 467 3568 'tunsus
484 3521 535 3562 vos
557 3502 669 3563 reddite
689 3502 791 3579 nobis,
809 3524 844 3577 2,
863 3524 888 3562 2.
906 3511 976 3559 'curn
993 3498 1079 3559 sciam
1100 3495 1244 3558 mulorum
1270 3514 1339 3573 gre·

373 3604 443 3662 gem
474 3599 541 3643 cum
561 3584 739 3659 pasceretur,
764 3567 858 3661 eolluo
879 3579 998 3641 venisset
1019 3578 1120 3658 lupus,
1142 3580 1217 3639 ultro
1242 3576 1340 3639 mulos
1434 3639 1444 3650 ,

371 3663 612 3741 circumfluxiffe,
636 3687 673 3741 2,
691 3687 719 3745 9.
735 3669 875 3742 majorem
890 3674 959 3723 natu
976 3662 1072 3738 potius
1091 3680 1176 3739 quam
1197 3659 1288 3731 alios,
1307 3661 1337 3720 ἃ

374 3748 542 3825 peritiorem
559 3766 645 3823 quarn
659 3746 802 3824 reliquos,
820 3770 854 3817 2,
876 3765 922 3808 10.
939 3743 992 3805 nili
1014 3742 1053 3815 sr,
1069 3764 1106 3818 ι,
1122 3765 1150 3826 9.
1167 3763 1200 3823 3,
1220 3765 1246 3803 2.
1268 3756 1337 3800 narn

374 3830 406 3890 in
425 3827 486 3890 hoc
510 3846 590 3889 nunc
619 3829 743 3907 denique
766 3829 826 3904 est,
844 3838 892 3905 ut,
911 3849 946 3911 32,
967 3846 992 3890 ι.
1009 3825 1065 3889 oid.
1082 3821 1339 3897 &etiam,etia1n

373 3907 466 3983 item,
485 3928 540 3972 nec
557 3929 616 3970 non
630 3912 728 3973 etiam.

420 4008 437 4053 a
452 3989 565 4088 Pletura
586 3983 768 4074 febricitare,
791 3991 863 4073 vag.
887 4012 915 4071 ι,
935 3982 1228 4143 3ς.«Ιι.ι.)ιΞ1ειΙιοιι.
1250 3986 1299 4049 Ira
1314 3992 1362 4068 ι,ἱ
