3425 5075
592 513 1102 603 LEXICON

373 673 419 753 56.
437 691 464 754 3,
484 691 519 733 12
534 669 561 730 (a
574 691 623 744 44.
636 669 721 730 Nihil
738 686 824 728 tamen
839 671 1008 744 mutaverim,
1026 691 1082 732 cum
1098 671 1226 730 Latinam
1236 684 1329 751 etymo·¹

372 757 471 836 logium
489 754 560 834 sorte
573 751 726 831 cogitaverit
745 754 874 829 Vegetius.

313 831 318 842 ’
414 834 569 899 Ptosteilum
582 830 745 907 Poenicum‚
757 831 834 891 Varr.
854 853 879 906 1,
894 851 937 911 52.
953 832 1091 914 diligenter
1101 833 1219 912 explicat
1229 835 1328 894 Smoen.

371 918 465 997 genius
482 915 615 993 antiquitt.
636 917 732 973 rrirurae
752 912 775 990 §.
795 935 843 993 13,
858 936 886 992 p.
904 935 944 988 34
951 913 994 992 sq.

417 996 551 1057 Plostratii
569 992 656 1066 almi,
678 993 738 1055 Cat.
763 1013 807 1052 11.
818 996 927 1071 ·Afinos
942 998 1020 1053 eriam
1033 993 1151 1074 plaustra
1167 996 1289 1076 truxiffe‚
1300 1013 1330 1056 tr·

369 1079 454 1161 statur
467 1075 521 1136 col.
541 1098 570 1152 7,
590 1099 609 1136 r.
632 1076 694 1135 Viri.
709 1072 804 1153 Scheffi
819 1077 850 1135 de
868 1097 892 1131 re
907 1076 965 1132 velt.
986 1102 1006 1147 ι,
1023 1079 1053 1134 8.
1071 1077 1193 1156 Schoertg.

416 1156 573 1228 Plostrunr,
599 1155 660 1215 Cat.
682 1176 708 1218 2.
738 1169 809 1231 quot
829 1156 1027 1233 requirantur,
1047 1155 1109 1217 Cut.
1129 1158 1177 1218 62.
1207 1158 1332 1230 majora,

376 1238 439 1300 Cat.
463 1257 509 1298 10.
530 1237 607 1298 Vartr
630 1257 720 1308 1‚-22.
744 1239 925 1313 interpretatur
945 1234 1090 1317 Schrfferus
1106 1243 1137 1298 de
1157 1260 1183 1295 re
1198 1240 1284 1297 velie.
1298 1266 1330 1312 2,

379 1341 409 1397 ¹9
429 1341 476 1389 ea,
498 1337 553 1397 quae
573 1335 684 1398 quatuor
702 1334 776 1375 rotas
794 1319 1037 1398 haberent,-easque
1058 1337 1113 1378 non
1137 1321 1276 1393 radiatas,
1291 1320 1336 1399 sel

379 1399 480 1459 tabulis
496 1412 641 1459 contextus.
662 1400 784 1478 Schoertg.

419 1478 520 1541 Pluma
541 1483 599 1554 jam
621 1477 685 1539 sunt
704 1479 770 1540 teeti
791 1476 882 1555 pulli,
902 1479 981 1540 Varr.
1005 1500 1083 1561 3,7.

419 1559 592 1622 Plumbeum
610 1560 649 1639 sc.
667 1582 735 1631 vas,
754 1559 815 1623 Cat.
835 1579 903 1637 105.
926 1558 989 1621 col.
1010 1582 1062 1632 12,
1086 1583 1129 1644 ¹9·
1150 1563 1339 1640 quadratum,

382 1640 447 1705 col.
469 1662 520 1716 12,
533 1640 586 1723 50.
610 1639 748 1717 plumbea
769 1641 844 1702 bene
864 1643 974 1718 fricari,
993 1640 1057 1704 col,
1077 1663 1131 1717 12,
1157 1666 1207 1725 19.·

423 1723 531 1784 circum
549 1720 691 1784 Plumbati
709 1723 851 1799 modioli,
870 1723 931 1784 Cat.
950 1745 995 1785 20.
1007 1727 1090 1805 potest
1103 1727 1266 1806 compofirum
1277 1724 1342 1805 effe.-

382 1804 423 1865 ira
443 1802 665 1881 adplumbatum
685 1823 734 1865 vas
755 1808 839 1866 Scrib.
856 1828 917 1881 271,
929 1808 954 1867 Ιι.
971 1829 992 1864 2.
1008 1805 1238 1867 ferruminatunr.
1261 1807 1343 1884 Poffis

384 1885 463 1948 etiam
480 1889 518 1945 ira
539 1908 630 1948 vocare
648 1907 712 1946 area
734 1888 778 1944 vel
788 1886 873 1963 ferrea
893 1887 977 1964 vafh,
993 1908 1098 1969 quorum
1115 1889 1160 1946 vel
1177 1906 1287 1968 unaque
1303 1887 1343 1950 vel

384 1984 449 2037 certe
466 1967 573 2026 interior
587 1966 675 2047 fheies
686 1968 794 2047 plumbo
813 1969 920 2027 obdutla
936 1971 978 2048 est.
1153 1956 1161 1977 ‘
1371 1966 1373 1971 ’

424 2045 557 2110 Plumbo.
575 2047 709 2126 plumbet
728 2047 895 2123 modiolos,
914 2048 978 2109 Cat.
1001 2069 1047 2110 21.

426 2126 590 2191 Plumbum.
612 2127 734 2204 plumbo
752 2127 859 2190 vincire
884 2127 980 2206 dolia,
999 2130 1061 2192 Cat
1081 2149 1126 2214 39.
1144 2130 1245 2192 attrito
1265 2147 1345 2191 crea·

385 2218 433 2271 tut
449 2207 560 2281 cerusa,
572 2208 645 2271 Pan.
662 2231 698 2292 9,
713 2229 758 2268 11.

426 2289 551 2352 Plurima
567 2291 638 2366 XV,
650 2290 819 2368 paucissinra
829 2290 884 2354 Vll
895 2289 1094 2370 supponuntur
1105 2313 1174 2366 ova,
1187 2291 1252 2355 Col.
1262 2292 1292 2366 8,
1306 2315 1348 2366 14

427 2371 494 2435 Plus
509 2386 633 2450 quatuor
646 2371 792 2447 millibus,
809 2372 872 2434 col.
888 2392 914 2452 3,
930 2375 974 2435 16.
983 2395 1039 2433 cum
1048 2373 1170 2435 relatione
1179 2379 1218 2434 ad
1227 2375 1298 2436 XVI
1308 2374 1348 2436 M.

388 2460 414 2519 Ιι.
429 2479 451 2515 e.
473 2455 536 2517 XX
554 2454 597 2517 M.
616 2456 660 2515 Ira
678 2455 756 2514 etiam
778 2454 893 2529 minus,
913 2453 976 2516 Col.
991 2474 1026 2533 3,
1047 2475 1073 2538 3.
1090 2455 1156 2518 Plus
1172 2474 1263 2516 annos
1282 2474 1348 2515 cen·

388 2552 468 2609 tum,
485 2536 566 2598 Varr.
589 2558 615 2611 1,
634 2557 678 2616 57.
695 2538 796 2597 vicena
811 2534 918 2609 millia,
940 2538 1015 2597 Varr.
1037 2556 1063 2617 3,
1083 2561 1110 2599 2.
1121 2557 1180 2598 non
1197 2536 1260 2614 plus
1272 2539 1349 2597 vice·
1374 2560 1377 2565 ’

389 2637 444 2680 nos
461 2616 571 2693 pullos,
588 2618 668 2677 Varr.
684 2639 719 2698 3,
740 2638 784 2678 10.
804 2636 862 2676 non
878 2618 943 2694 plus
958 2619 1113 2679 triennium
1130 2620 1244 2692 vivunt,
1265 2620 1347 2681 Varr.

390 2722 421 2770 2,
443 2720 466 2756 1.
487 2715 547 2754 non
567 2695 630 2770 plus
650 2711 749 2772 quater
767 2700 798 2756 in
817 2716 893 2758 anno
911 2700 1042 2777 pariunt,
1060 2702 1137 2763 Varr.
1151 2720 1184 2781 3,
1200 2704 1270 2761 ια*
1284 2700 1352 2777 plu·

390 2780 430 2837 ris
451 2775 555 2849 pretii,
573 2775 651 2833 Varr.
669 2796 702 2844 ι,
717 2800 743 2849 7.

392 2852 715 2999 ciluscfflumumeffis
732 2868 782 2917 aut
796 2857 895 2934 mulsr,
914 2858 977 2921 Col.
1001 2882 1055 2939 12,
1068 2882 1114 2942 47.
1129 2858 1261 2939 plusculo
1280 2860 1352 2934 sale,
1370 2859 1372 2863 ’

419 2957 456 2998 ο.
478 2958 531 3011 12,
553 2955 589 3017 50
650 2959 695 3019 54.

432 3016 540 3079 Pluvia.
566 3030 597 3077 ut
616 3021 754 3095 parietem
778 3038 838 3081 non
857 3021 964 3098 possrnt
983 3023 1123 3098 stillicidia
1141 3034 1292 3102 penetrare
1306 3043 1354 3102 per

393 3100 543 3180 pluviam,
567 3098 637 3161 Pall.
664 3122 697 3173 1,
719 3122 764 3163 11.
793 3105 859 3165 MS.
887 3106 988 3168 membr.
1017 3107 1186 3166 Bibliotheca
1207 3107 1353 3183 Leidenfis:

392 3195 428 3243 ut
446 3182 582 3260 parietem
595 3201 654 3243 non
669 3183 776 3260 poffint
787 3197 935 3260 penetrare
956 3188 1120 3263 purpuria,
1135 3185 1225 3265 onifflr
1242 3186 1284 3261 τῷ
1301 3184 1355 3245 stil-

393 3263 499 3327 licidia.
519 3267 587 3343 Qun
605 3288 666 3326 vera
682 3267 716 3342 cll
732 3266 812 3325 leflio.
831 3266 981 3345 Perpluvia
994 3270 1060 3347 fient
1073 3269 1173 3349 pluvia
1190 3270 1355 3350 perfluentes,

394 3368 414 3406 a
430 3343 570 3422 perplu0‚
585 3365 641 3404 uta
658 3345 737 3406 diluo
762 3346 920 3421 diluvium,
938 3352 972 3408 ab
991 3349 1057 3409 eluo
1074 3348 1191 3409 eluvies.

435 3424 571 3487 Pluvialis
592 3426 670 3501 dies,
692 3426 757 3490 col,
782 3449 814 3503 2,
835 3448 880 3509 ¹3·
900 3448 993 3507 aqua,
1015 3428 1079 3491 col.
1101 3450 1127 3504 1,
1147 3447 1174 3510 5.

436 3505 593 3569 Pluviatilis
615 3526 711 3583 aqua,
734 3508 795 3570 Cot.
815 3532 855 3593 9,
877 3532 902 3573 1.
1158 3511 1162 3515 ’

435 3586 542 3648 Pluviis
569 3587 670 3648 diebus
692 3609 755 3667 quae
780 3590 842 3651 fieri
871 3604 996 3669 queant,
1025 3591 1087 3654 Col.
1112 3607 1215 3670 2,15.
1241 3591 1358 3671 pluvius

396 3669 465 3734 coeli
482 3670 583 3742 status,
602 3667 664 3731 col.
682 3693 720 3746 2,
744 3692 787 3733 ιο.
805 3672 910 3749 pluviae
926 3674 1126 3752 tempestates,
1140 3672 1203 3734 Cat.
1214 3693 1243 3741 2.

437 3750 579 3814 Pocillum
599 3749 705 3823 fictile,
726 3751 790 3813 Cat.
818 3755 883 3829 156.
950 3756 952 3761 ’

437 3830 545 3895 Pocula
563 3833 732 3894 contrectari
751 3852 766 3891 a
788 3835 892 3909 quibus
913 3834 1057 3910 debeant,
1076 3835 1137 3899 Col.
1158 3854 1210 3911 12,
1230 3854 1257 3909 4.
1278 3837 1294 3867 ⁸
1308 3852 1362 3910 pu-

397 3914 449 3975 teis
474 3918 602 3980 eutratta
624 3916 650 3979 u
673 3912 820 3984 canalibus
842 3915 965 3984 immista
987 3916 1142 4001 praebenda
1164 3917 1279 3995 porcis,
1298 3913 1362 3978 Col.

395 4011 436 4076 7,
459 4015 503 4058 10.
