3425 5075
605 544 1099 650 trxrcfou
1196 645 1207 657 ,

371 736 534 815 pinarium,
546 736 574 794 Ιι.
589 755 612 792 e.
621 732 787 812 submittere,
807 731 871 793 Col.
893 752 926 812 5,
941 734 969 794 6.
989 734 1036 794 Sic
1052 730 1120 793 Pall.
1141 752 1175 812 3,
1196 733 1328 812 12&13,·

347 858 350 863 -
374 842 414 891 4,
430 839 460 896 7.
481 816 520 887 6,
543 835 567 873 2.
591 832 643 886 11,
662 812 690 872 8.
702 812 718 843 ⁴¹
739 813 888 872 Generatim
910 815 1051 890 relinquere
1070 831 1155 874 notat.
1172 810 1329 873 Dimittunt

375 910 469 959 ternos
490 894 577 971 pedes
594 892 668 953 inter
686 892 805 971 singulas
828 895 917 966 vites,
934 882 1001 953 Pail.
1025 914 1062 973 3,
1083 915 1112 974 9.
1130 893 1257 953 dimittas
1275 891 1328 968 ipi-

373 988 517 1050 rnmento,
534 972 603 1037 Poll.
632 995 689 1044 12,
707 996 753 1035 22.
779 973 932 1034 dimittitur
959 992 1023 1049 pars
1049 974 1182 1034 favorum
1207 976 1326 1050 quinta,

374 1056 442 1118 Pali.
457 1076 492 1132 7,
510 1076 538 1132 7.
567 1056 647 1116 tenui
665 1052 750 1114 caule
765 1053 894 1129 dimiffo,
917 1052 987 1115 Pali.
1004 1075 1042 1136 9,
1061 1074 1086 1136 ς.
1104 1069 1137 1114 ut
1161 1053 1272 1132 aliquid
1288 1053 1329 1115 di·

372 1139 499 1197 mittatur
516 1134 642 1211 haercre,
666 1133 734 1196 Pali.
752 1136 787 1200 6.
802 1156 831 1212 7.
963 1138 968 1149 “

409 1216 555 1293 Dindyma
572 1214 659 1277 custr'a
671 1214 830 1294 ‘Cybelles,
850 1213 914 1277 Col.
942 1235 997 1292 ιο,
1019 1235 1085 1277 220.
1098 1218 1154 1276 vid.
1165 1214 1267 1294 Cybei.

411 1297 463 1359 sub
479 1298 547 1361 Dio.
569 1302 622 1359 vid.
637 1297 738 1387 pium.

411 1379 538 1441 Dionaeis
562 1378 708 1439 redimitur
735 1376 872 1454 floribus,
898 1376 960 1440 Col.
980 1397 1035 1453 ιο,
1051 1375 1118 1440 286.
1140 1377 1233 1439 Dione
1250 1397 1333 1438 mater

376 1463 596 1523 Venerinffenrts
613 1461 676 1518 Dea
695 1460 822 1518 hortorum
839 1461 881 1538 esi.
904 1460 997 1537 Popm.
1133 1528 1139 1543 ι
1205 1508 1212 1525 ,

352 1608 356 1617 ,
414 1539 562 1621 Atoaepr'ar
580 1538 658 1599 senes
674 1538 705 1600 in
719 1540 875 1619 comoediis
892 1534 1047 1614 recutitur,
1067 1540 1144 1600 Vorr.
1161 1559 1195 1609 2,
1213 1558 1258 1598 rr.
1269 1541 1343 1613 'Lo-⁴

351 1630 357 1641 '
375 1623 462 1702 quitur
479 1625 510 1679 de
526 1622 676 1691 cornoediis,
694 1643 760 1702 quas
781 1640 868 1679 novas
885 1622 1072 1700 appellabant:
1086 1621 1227 1701 priscarum
1246 1638 1335 1679 temere

371 1704 450 1761 etiarn
464 1719 546 1781 poeta
562 1702 711 1782 oflendunt,
729 1704 778 1762 hac
797 1702 888 1782 vestitu
900 1703 1014 1782 pastores
1032 1702 1092 1782 usas
1102 1698 1183 1782 fieffe
1192 1747 1203 1773 ,
1216 1717 1245 1757 ut
1261 1701 1336 1758 Ari·

269 1822 277 1841 .
373 1784 443 1861 troph
464 1805 509 1844 eres
525 1782 555 1841 in
572 1781 710 1855 renitere.
732 1782 834 1841 inducit
857 1783 924 1841 enirn
949 1784 1118 1860 Strepfiadem
1147 1802 1204 1841 cunt
1216 1779 1279 1856 filio
1296 1783 1336 1839 ita

368 1805 533 1946 'laqueiterrm
552 1863 646 1925 “Orat
666 1863 718 1940 μὲν
736 1854 780 1924 οὖν
796 1866 853 1923 rite
870 1857 967 1944 rt'i'yeer
986 1861 1018 1922 ἐκ
1034 1860 1087 1922 daei
1104 1861 1337 1940 <permedita-

373 1967 431 2023 ’.τες
448 1944 460 2004 i
479 1942 574 2026 rretrr‘rp
591 1967 641 2006 σου
650 1990 660 2017 ,
680 1943 814 2025 droie'peer
833 1944 990 2023 ἐνημμένον.
1008 1945 1081 2003 Nam
1095 1941 1237 2022 droie'petc
1252 1944 1332 2002 etiarn

375 2045 471 2085 veteres
494 2024 632 2106 appellaffe
653 2026 881 2104 membranaqin
901 2027 994 2107 quibus
1022 2023 1071 2104 (tet
1099 2046 1147 2083 nas
1173 2044 1272 2104 quoque
1285 2022 1337 2103 fa·

374 2105 482 2183 cimus)
489 2105 645 2184 scriberent,
661 2106 769 2187 ostendit
787 2107 872 2167 Cicero
890 2106 919 2164 in
938 2107 1043 2187 epistola
1063 2106 1101 2163 ad
1119 2105 1257 2174 Atticum,
1279 2125 1338 2162 curn

266 2196 269 2205 '
374 2189 407 2243 de
418 2205 494 2267 parte
506 2187 612 2264 ficorum
629 2186 749 2246 librarum
759 2230 767 2258 ‚
778 2207 843 2265 quas
853 2191 884 2247 de
901 2185 1068 2246 Academicis
1081 2186 1263 2264 quaestionibus
1276 2205 1339 2243 con·

334 2304 339 2317 ·
370 2268 487 2344 ficeret,·
498 2284 526 2324 tet
542 2269 579 2325 ad
593 2270 734 2327 Varronem
752 2270 876 2339 mitteret,
890 2267 1039 2345 loqueretur.
1059 2267 1146 2346 inquit
1158 2266 1245 2338 enirn,
1259 2265 1339 2341 Qua-

377 2366 442 2406 ruor
461 2344 590 2427 denae'peee
609 2344 715 2407 suntin
732 2356 781 2406 tun
797 2347 944 2423 potestate.
962 2349 1034 2408 Iden
1052 2348 1131 2405 etiarn
1138 2347 1342 2428 fignifieabatrtr

372 2429 509 2509 proverbia
524 2428 590 2501 illa,
598 2430 674 2519 guad
687 2426 819 2488 dicebatur
834 2431 861 2487 in
871 2449 925 2502 eas,
941 2429 986 2508 qui
1000 2428 1080 2486 nimis
1096 2429 1194 2506 vetusta
1204 2426 1333 2508 referrent,

376 2508 561 2591 ἀρχαιότερα
575 2531 627 2572 cnr
645 2507 785 2590 draut'paer
800 2507 911 2603 λέγειν.
926 2509 1064 2592 Adagiren
1080 2510 1153 2586 apud
1167 2508 1277 2567 Suidarn
1292 2530 1341 2573 ex·

374 2595 514 2674 petraeum.
530 2592 623 2651 Vidor.
635 2590 742 2650 Similia
761 2592 804 2649 tris
818 2591 940 2673 disputat
954 2593 999 2652 vir
1014 2590 1167 2671 dotit'ffirnm
1183 2594 1260 2651 Varr.
1269 2591 1342 2651 Lre‘l.

376 2682 433 2742 26,
451 2697 466 2731 2
488 2714 494 2728 .
888 2714 890 2718 .

308 2811 310 2815 ,
402 2697 623 2824 .Diriondiarius
645 2747 808 2828 orbiculus,
826 2749 891 2813 Col.
905 2772 943 2826 4,
966 2770 1012 2829 νο.

418 2829 557 2906 Dipondii
581 2830 713 2905 semiim,
741 2831 803 2895 Col.
828 2852 882 2906 rr,
907 2853 934 2893 2.
950 2836 1001 2891 drea
1019 2850 1077 2891 cunt
1091 2831 1210 2892 dimidia.
1231 2830 1341 2908 dipon-

380 2911 429 2973 dio
454 2909 580 2986 semiffe,
597 2914 660 2973 ibid.

419 2991 569 3054 Diradiare
591 2994 701 3069 vitem,
721 2992 785 3058 eol.
815 2991 894 3075 556.
920 2995 977 3052 Ver.
995 2991 1076 3052 editio
1091 2992 1237 3053 disrarare.
1257 2994 1339 3073 Sylb.

379 3075 477 3156 Nescia
494 3095 571 3153 quant
587 3095 693 3137 veterem
710 3077 847 3136 editionem
862 3073 959 3133 indicet
971 3073 1139 3156 Sylburgitet.
1159 3076 1259 3155 Nofhae
1280 3075 1342 3154 qui-

286 3157 302 3204 -“
380 3162 433 3216 dem
444 3178 495 3215 non
511 3156 615 3218 nabent.

421 3235 526 3297 Directi
542 3236 659 3316 denter,
677 3240 757 3302 Varr.
779 3258 817 3314 2,
835 3235 870 3321 9.¹
887 3257 946 3316 app.
966 3234 1111 3298 brocchis.

420 3317 564 3392 Diribere,
582 3317 659 3381 Varr.
680 3344 716 3404 3,
738 3338 763 3403 5.
776 3322 831 3381 vid.
853 3318 1001 3380 Dirimerc.
1198 3315 1200 3320 ’

421 3397 548 3474 Dirigere
564 3399 601 3458 ad
613 3414 740 3471 metam,
751 3400 839 3458 'Varn
860 3418 895 3472 1,
909 3420 928 3470 4
948 3401 975 3459 dt
994 3397 1039 3458 18.
1059 3394 1340 3473 contemplationem

381 3478 478 3551 suom,
498 3473 561 3538 eol.
573 3499 608 3559 3,
627 3499 671 3538 η.
692 3478 851 3555 diriguntur
870 3477 1004 3549 ordines,
1018 3475 1082 3536 Col.
1097 3498 1134 3558 3,
1151 3496 1195 3557 ¹5·
1214 3496 1253 3535 ne
1267 3476 1340 3536 alter

383 3575 477 3619 ramus
497 3555 548 3616 sub
564 3557 679 3618 alteriue
694 3558 771 3619 linea
786 3556 940 3634 diiigatur‚
956 3554 1024 3618 rau
1044 3575 1070 3634 3,
1085 3577 1129 3638 13.
1142 3556 1197 3617 *in
1216 3558 1342 3641 dirigen-

383 3641 427 3703 dis
437 3636 617 3717 potionibus,
631 3638 702 3717 Veg.
716 3661 747 3713 1.
757 3659 802 3719 19.
817 3637 891 3714 ouda.
903 3658 953 3717 pra
964 3636 1140 3711 degerendis.
1153 3641 1210 3701 vid.
1224 3639 1340 3716 Digero.

424 3723 495 3782 dum
511 3718 686 3780 Dirimentur
702 3717 832 3795 suffragia
848 3713 1064 3799 Vorr.322'.1ta
1080 3720 1231 3799 legendam,
1244 3740 1340 3798 quarn-

383 3802 427 3860 vis
441 3804 469 3859 in
487 3806 516 3861 V
516 3805 551 3863 V.
572 3803 624 3863 CC.
631 3802 687 3880 fit,
708 3799 874 3861 diribentur.
890 3797 1002 3879 &infla
1015 3821 1072 3880 cap.
1090 3822 1107 3875 5
1125 3800 1257 3881 legendum
1272 3799 1339 3857 idern

385 3882 560 3943 dirimerent.
576 3903 638 3942 nant
657 3881 694 3943 ibi
714 3884 746 3943 V.
760 3882 787 3941 C.
796 3881 871 3940 trater
883 3880 1047 3957 diriperent.
1066 3882 1166 3944 Lucan.
1178 3904 1213 3958 5:
1232 3880 1267 3942 Et
1279 3897 1340 3940 non

385 3962 508 4025 admiffae
529 3964 639 4026 dirimit
655 3961 788 4045 suffragia
806 3960 907 4040 plebis.
930 3963 983 4025 Cie.
1003 3968 1040 4026 ad
1054 3965 1090 4043 Q.
1103 3964 1147 4026 Fr.
1164 3958 1199 4044 ς’,
1214 3984 1248 4040 4:
1267 3960 1340 4023 Cato

386 4040 513 4106 diremtio
531 4044 652 4110 tabellis.
673 4045 737 4132 (lrs
752 4046 840 4123 Puto,
858 4066 896 4105 me
913 4046 1125 4127 representarrdis
1141 4046 1267 4109 Varronis
1285 4064 1341 4107 uer·
