3425 5075
634 497 1192 611 'toxicon

468 701 495 763 fo
511 699 651 763 fistucatio
668 700 773 778 duplex.
788 697 918 758 Interdum
930 697 1028 758 fistuca
1046 699 1223 759 Philandrttm
1237 698 1314 759 audis
1327 721 1345 759 et
1360 697 1430 756 Bol-

467 788 503 844 do
523 785 678 843 advocatum
694 782 723 838 in
740 780 838 839 Lexico
857 779 961 838 Virruo.
983 768 1112 839 aliatum
1132 779 1317 856 &capitibus
1341 778 1428 839 ferta·

470 877 532 927 tum
549 862 778 932 instrumentum,
790 878 848 936 quo
861 857 920 935 pali
936 857 1111 937 sublicaeque
1128 861 1158 918 in
1179 874 1282 921 tetram
1298 877 1428 937 pangun-

469 958 524 1006 tur.
544 942 672 1002 Interdum
690 943 782 1022 (quod
796 963 810 999 e
826 942 926 1001 Budoo
944 939 1072 1020 additur)
1089 941 1208 1002 funibus
1225 939 1381 1012 attollitur,
1401 943 1429 1015 dt

469 1024 597 1106 pondere
612 1021 662 1082 luo
676 1020 787 1082 remilla
805 1019 940 1083 alliditur.
959 1026 1014 1083 Sed
1031 1025 1066 1103 est
1077 1025 1156 1080 eriam
1172 1025 1282 1082 minoris
1301 1023 1382 1094 p'tolis
1397 1020 1431 1081 ii·

469 1105 547 1167 iluca
565 1102 593 1162 o
611 1101 771 1174 fistucatio,
795 1124 851 1163 cum
874 1103 1025 1181 pavimenta
1044 1104 1217 1164 manubriaris
1241 1103 1358 1183 officulis
1381 1120 1430 1164 aut

468 1185 606 1246 trabeculis
622 1186 729 1266 pulsata
748 1187 814 1246 coire
831 1185 869 1242 od
876 1182 1027 1262 firmitatem
1046 1202 1180 1264 coguntur.

511 1264 618 1327 Fistula
638 1263 775 1337 urinalis,
796 1266 866 1343 Veg.
889 1284 926 1346 3,
949 1283 994 1343 ις.
1012 1265 1027 1296 *
1043 1283 1093 1340 pet
1113 1264 1237 1327 fistulam
1254 1266 1334 1325 venir
1358 1282 1431 1342 aqua

469 1348 504 1409 in
520 1345 724 1419 ornithonem,
738 1347 816 1406 Varr.
840 1365 875 1426 3,
892 1364 919 1426 ς.
936 1343 1035 1406 fistulae
1052 1344 1193 1422 plumbeae
1211 1346 1241 1406 in
1256 1345 1433 1422 aquaedudii-

471 1429 545 1498 bur,
559 1426 628 1489 Pall.
645 1450 685 1508 9,
701 1447 733 1488 ιι
753 1430 779 1488 u
797 1448 842 1488 12.
861 1445 911 1504 per
932 1425 1054 1487 fistulam
1071 1439 1156 1487 vento
1172 1426 1286 1488 naribus
1299 1427 1434 1501 inserere,
1448 1460 1451 1474 ‚

471 1510 543 1586 Veg.
565 1530 600 1585 1,
625 1529 669 1570 ιο.
690 1511 705 1540 *
729 1507 851 1569 fistulam
880 1505 996 1569 subdito
1017 1507 1099 1569 labro
1122 1509 1164 1568 uti
1182 1509 1307 1571 obturari
1328 1507 1434 1584 poilit,

475 1590 539 1656 Cat.
558 1610 621 1672 ¹54
639 1587 731 1651 fistula
752 1589 894 1667 frigidaria
914 1591 944 1647 in
952 1591 1063 1662 balneo,
1086 1587 1153 1651 Pall.
1184 1612 1193 1648 ι
1211 1635 1219 1660 ,
1243 1611 1291 1662 40.
1308 1591 1366 1650 Hic
1381 1588 1436 1668 epi·

469 1671 590 1757 Jlomium
607 1672 717 1749 intelligi
733 1691 847 1750 opertum
865 1672 907 1750 esl.
925 1671 982 1730 De·
997 1669 1155 1730 Centimali
1173 1669 1263 1731 fistula
1286 1672 1344 1733 oid.
1360 1672 1389 1730 lt.
1410 1693 1437 1729 ν.

268 1738 272 1742 ’
380 1774 383 1779 ’
474 1751 603 1814 *.fistula
622 1752 781 1827 perforata,
798 1751 870 1829 Veg.
893 1773 972 1833 Μ.
994 1753 1066 1835 Ergo
1080 1755 1146 1832 fient
1160 1750 1436 1847 fistulanonperoin.

474 1835 520 1896 lta
541 1835 591 1914 est:
610 1832 708 1894 fistulae
729 1831 870 1906 laxioris,
889 1851 976 1908 quam
1000 1830 1064 1894 fiunt
1085 1831 1194 1911 reliqua
1214 1833 1377 1906 foramina,
1398 1850 1437 1890 re·

477 1916 527 1994 gia
544 1932 652 1991 apum,
666 1914 730 1977 Col,
743 1935 780 1995 9,
799 1934 842 1975 ιι.
854 1915 930 1992 Quin
943 1913 959 1943 ⁴¹
974 1914 1003 1973 in
1015 1915 1110 1975 morbis
1122 1936 1219 1997 quoque
1236 1915 1301 1976 talis
1320 1917 1354 1996 esi
1364 1913 1437 1974 iillu-

477 1995 526 2071 la,
552 1997 582 2055 in
597 2017 674 2079 quom
700 1994 853 2057 rutundam
874 1995 981 2055 intrudi
996 1996 1070 2076 jubet
1092 1994 1153 2057 Cal.
1175 2016 1240 2076 ²57·
1263 1995 1339 2056 Add.
1368 1994 1437 2070 Veg.

479 2097 519 2148 u,
546 2094 677 2156 13,23,
700 2077 738 2138 26
763 2079 791 2136 ἃ
813 2097 860 2150 27.
878 2075 895 2106 ⁴
918 2074 1009 2137 fistula
1032 2077 1147 2136 farratia
1168 2078 1195 2133 in
1209 2075 1441 2157 senamentis‘ru·

474 2158 558 2241 slicis'
576 2176 787 2218 commemoratur
813 2156 876 2219 Cat.
906 2176 952 2218 10.
988 2162 1051 2218 Vox
1079 2159 1192 2218 nondum
1210 2157 1282 2238 sotis
1305 2157 1439 2238 explicata

479 2238 605 2311 thicis,
629 2239 672 2297 cui
693 2261 728 2298 ex
744 2238 837 2299 Plinio
853 2238 1018 2318 aliquantum
1035 2239 1102 2300 lucis
1119 2236 1253 2318 offiendere
1273 2240 1442 2320 studebimus.

480 2321 512 2387 ls
525 2320 595 2379 enim
617 2340 669 2385 non
684 2337 784 2379 tontum
803 2342 852 2396 ιγ,
869 2344 908 2396 24
931 2317 1030 2383 fistulo
1056 2321 1169 2380 meminit
1193 2317 1310 2380 sutoriae
1327 2317 1443 2393 similit,

480 2421 534 2484 quo
552 2415 662 2465 utetur
681 2400 719 2460 ad
743 2399 990 2473 inoculationem,
1004 2403 1049 2462 uli
1067 2401 1141 2460 haud
1155 2402 1232 2462 dulit
1243 2403 1375 2482 scalprum
1391 2401 1444 2460 oli·

482 2485 555 2563 quod
564 2499 668 2542 acutum
683 2482 837 2563 intelligitur
843 2505 856 2556 ;
869 2483 920 2564 sed
934 2483 980 2543 ubi
991 2487 1022 2545 de
1036 2483 1134 2564 pisltro
1154 2482 1213 2563 ogit
1229 2507 1238 2543 ι
1242 2504 1279 2559 5,
1295 2504 1348 2560 23,
1362 2479 1446 2543 Etru·

483 2565 544 2637 ria,
558 2565 661 2646 inquit,
679 2562 785 2639 spicam
800 2564 880 2623 farris
898 2563 965 2626 tosti
978 2563 1088 2641 pisente
1106 2562 1167 2640 pilo
1181 2564 1359 2641 praefemato,
1367 2564 1445 2644 fistu-

483 2646 512 2707 la
524 2647 642 2723 serrato,
656 2647 682 2704 dt
695 2645 771 2703 llella
789 2646 866 2704 intus
885 2644 1071 2706 denticulata.
1093 2648 1177 2723 Igitur
1186 2644 1279 2706 fistula
1291 2647 1346 2725 tac
1358 2643 1447 2705 farra·

484 2726 529 2784 tia
548 2723 652 2783 videtur
662 2727 749 2783 eadem
768 2722 871 2784 serrata
885 2726 1022 2806 intelligi,
1038 2728 1067 2784 in
1080 2725 1157 2807 cujus
1173 2748 1266 2789 cavum
1283 2728 1447 2805 quadratus,

485 2801 612 2875 arbitror,
627 2804 741 2884 pistillos
757 2804 881 2885 inseritur
913 2804 1076 2883 rufentius,
1094 2827 1171 2887 atque
1186 2805 1265 2887 hujus
1279 2827 1326 2885 ope
1340 2808 1398 2887 ipfie
1407 2806 1447 2883 fi·

480 2883 554 2966 strala
569 2882 640 2940 intra
660 2884 758 2961 stellam
782 2827 987 2958 denticulitam,
1006 2905 1036 2945 ut
1056 2888 1159 2947 eoetlu
1180 2890 1209 2947 in
1225 2888 1347 2962 motrite,
1368 2908 1448 2968 quom

481 2963 569 3044 ¹vulgo
585 2983 695 3040 uocant,
711 2966 754 3025 vel
777 2967 806 3024 in
826 2984 953 3047 tympano
973 2969 1059 3042 axis,
1080 2968 1282 3052 cimumogitur,
1306 2991 1358 3047 quo
1370 2968 1449 3049 fertio

486 3041 698 3121 interpellamur
713 3046 830 3128 fistulam
849 3049 976 3126 firmatam
995 3049 1135 3129 &fielium
1153 3051 1338 3112 denticulorum
1350 3060 1451 3129 'grana

487 3126 553 3188 elidi
572 3125 599 3185 G·
619 3129 753 3189 comminui
774 3128 866 3209 nectffe
888 3152 902 3190 t
923 3173 930 3189 .
950 3130 1092 3191 Familiare
1108 3133 1183 3193 hodie
1203 3132 1233 3190 id
1250 3151 1331 3209 gertus
1347 3130 1452 3211 pisendi

487 3208 543 3286 eli,
560 3209 605 3268 uli
610 3210 686 3290 piper
696 3211 721 3272 fe
724 3209 844 3287 finilia,
850 3210 878 3291 f
902 3234 921 3270 a
932 3213 1068 3293 prasertim
1087 3214 1197 3274 Turciea
1207 3218 1229 3290 ·(
1235 3210 1356 3295 coffea)
1374 3216 1451 3295 tosto,

489 3291 685 3351 comminuenda
697 3292 748 3372 esi,
758 3293 800 3351 ito
809 3309 838 3351 ur
848 3312 939 3371 pauca
962 3292 1010 3353 'am
1019 3296 1073 3371 fint
1088 3300 1163 3374 opud
1177 3315 1226 3354 nos
1239 3293 1356 3375 fenilio
1368 3294 1451 3377 paulo

490 3371 637 3448 lautiores,
653 3375 682 3434 in
702 3373 797 3453 quibus
818 3394 873 3433 non
887 3375 925 3453 fit
944 3319 1023 3456 lajas
1051 3375 1205 3455 upellellilis
1227 3376 1347 3439 oideudae
1366 3375 1452 3458 eopia.

491 3453 584 3530 Neque
603 3471 688 3514 tomen
709 3454 751 3515 tie
766 3453 991 3532 diffimulondunt,
1009 3478 1022 3514 e
1067 3493 1077 3528 ,
1097 3458 1142 3535 qui
1157 3456 1249 3535 legant
1261 3454 1385 3518 fistulam
1398 3456 1454 3517 fer·

492 3535 615 3595 ratium:
630 3555 687 3615 qum
700 3535 808 3612 ledio'fi
825 3553 957 3610 teneatur,
969 3535 1113 3617 generalius
1123 3533 1194 3618 fitne
1209 3558 1303 3596 nornen
1313 3537 1400 3616 suerit
1410 3537 1453 3596 liic

491 3612 594 3677 fistula.
619 3615 699 3694 Poffit
723 3618 800 3677 etiam
823 3617 923 3701 aliquis
939 3619 1086 3699 stesprt'cari,
1109 3618 1242 3696 legendum
1267 3619 1311 3678 liic
1332 3618 1401 3699 effe,
1423 3634 1454 3677 ut

492 3700 567 3776 opud
579 3696 720 3769 Plinium,
736 3696 879 3759 serratam.
900 3720 954 3777 quo
964 3700 1064 3760 ratione
1075 3699 1193 3789 superior
1206 3699 1341 3779 descriptio
1358 3697 1454 3775 confir·

493 3797 613 3839 moretur.
629 3782 685 3839 Sed
700 3777 846 3840 farnarium
857 3780 956 3861 probo,
974 3780 1037 3859 quia
1051 3779 1123 3840 ntltil
1136 3782 1291 3841 commodius
1305 3782 1395 3860 esi-od
1412 3781 1456 3839 fat

397 3880 399 3884 ’
494 3856 599 3921 subtile
613 3859 778 3921 faciendum
798 3862 928 3941 Cat.143.
944 3861 1044 3942 Inspice
1055 3861 1155 3941 reliqua
1170 3861 1246 3936 loco,
1263 3881 1320 3941 qun
1334 3861 1365 3918 de
1379 3859 1455 3921 farre

495 3939 612 4002 faelicio
630 3943 770 4003 laudamus
779 3943 806 4023 fi
821 3942 840 4003 l.
851 3939 866 3972 *
876 3940 967 4003 fistula
980 3963 1059 4023 porro
1073 3941 1164 4005 ferrea
1181 3964 1275 4003 conum
1287 3942 1392 4022 aliquid
1406 3943 1457 4023 est,

492 4020 646 4107 intrinsecus
654 4026 688 4087 in
700 4022 878 4099 crumelum,
890 4024 1049 4106 extrinsecus
1056 4042 1143 4087 auterre
1152 4027 1180 4087 itt
1189 4042 1282 4109 cupam
1289 4023 1457 4096 conueniens,
