3425 5075
701 607 1203 681 LEXICON

515 775 598 837 diem
624 770 787 865 eicrrienta,
819 766 881 828 Col.
911 788 964 843 11,
993 790 1021 850 ς.
1050 769 1194 831 mercibus
1220 768 1348 844 exactis,
1376 769 1437 833 Coi.

476 851 884 1011 ¹0iigfpiiiviitiirxirstcura,
905 930 974 991 Pall.
991 950 1021 1004 4,
1040 951 1086 992 ro.
1114 918 1228 1007 insitio,
1245 930 1314 992 Pall.
1342 951 1378 1012 3,
1394 933 1437 1015 25.

396 1097 402 1106 ι
472 1019 526 1082 Ins.
546 1019 583 1098 69
600 1015 626 1074 δ’
642 1035 705 1093 ¹05·
728 1026 760 1074 ut
779 1013 922 1073 serventur
945 1011 1081 1088 mespila,
1101 1013 1170 1074 Pail.
1190 1037 1229 1088 4,
1253 1033 1296 1075 ιο.

514 1097 634 1160 diriiala
657 1108 773 1170 orator,
796 1093 859 1156 Col.
886 1117 919 1168 1,
936 1093 1012 1155 Praef.

510 1179 662 1241 irieffionis
684 1175 771 1238 frum.
794 1176 846 1236 tria
868 1194 989 1252 genera,
1009 1175 1088 1237 Vart.
1112 1194 1137 1246 r,
1161 1193 1206 1254 50.

512 1261 612 1321 Medis
640 1259 717 1319 unde
742 1259 835 1328 dina,
863 1260 985 1335 &quot
1017 1257 1109 1315 modis
1135 1254 1199 1329 fiat,
1221 1255 1306 1317 Varr.
1334 1277 1367 1331 r,
1395 1279 1439 1340 5⁰·

470 1341 551 1404 mciii
577 1342 789 1418 praemittuntur
815 1338 911 1412 sacra,
933 1338 995 1399 Cat.
1020 1356 1084 1416 ¹34·
1104 1337 1218 1412 quando
1242 1341 1438 1413 &quomodo

467 1424 623 1499 facienda,
637 1420 698 1482 Col.
717 1443 751 1493 2,
770 1441 815 1481 21.
839 1419 910 1479 Pall.
928 1440 967 1496 7,
985 1439 1011 1478 2.
1032 1417 1142 1478 meffim
1161 1418 1241 1477 videt
1259 1421 1438 1497 granarium,

469 1505 550 1566 Varr.
576 1525 606 1584 3,
626 1525 652 1562 2.
673 1501 806 1562 nedibus
827 1501 957 1574 erariis,
982 1498 1046 1563 Coi.
1066 1522 1118 1575 12,
1139 1519 1183 1561 10.
1203 1499 1304 1560 medes
1327 1499 1375 1563 sex
1390 1502 1441 1563 fin-

469 1586 543 1666 gulis
563 1585 643 1646 annis
659 1583 802 1652 Medica,
823 1580 891 1642 Pali.
918 1601 949 1660 ς,
972 1601 995 1641 1.

499 1666 669 1729 meliorem
689 1662 858 1724 foenisecam
880 1663 1036 1734 inducere,
1058 1660 1123 1722 Col.
1146 1682 1183 1735 2,
1207 1661 1253 1723 18.

511 1747 647 1810 messoria
666 1764 768 1822 opera,
786 1743 848 1806 Col.
870 1765 905 1817 2,
926 1766 970 1826 13.
988 1741 1126 1803 messoria
1140 1742 1249 1818 falces,
1269 1742 1342 1808 Pali.
1357 1764 1382 1820 1,
1392 1764 1440 1827 43.

487 1829 630 1907 Melius.
652 1825 870 1903 mairranica,
893 1826 972 1886 Varr.
998 1844 1024 1900 r,
1041 1844 1084 1903 50.

514 1912 607 1972 uterus
636 1910 748 1982 facere,
768 1907 832 1967 Cat.
863 1926 907 1986 55.
932 1907 961 1965 in
989 1917 1078 1966 metas
1103 1905 1285 1984 castrutium⁴
1309 1907 1441 1983 foenum,

473 1991 537 2054 Coi.
556 2015 590 2066 2,
608 2012 652 2071 19.
671 2004 748 2049 meta
763 1986 892 2060 inversa,
910 1985 972 2050 Col.
988 2008 1026 2068 9,
1052 2006 1096 2066 15.
1111 1991 1127 2025 i
1140 1990 1177 2048 sd
1197 2003 1287 2048 metas
1303 1991 1441 2066 dirigere,

470 2073 550 2134 Van.
569 2093 603 2143 1,
620 2094 646 2143 4.
671 2072 735 2143 Vrd.
755 2090 811 2148 qnae
825 2072 856 2127 de
872 2082 949 2129 meta
967 2067 1086 2148 coageffit
1106 2069 1140 2128 Ρ.
1155 2069 1288 2149 Angelius
1313 2074 1442 2154 Bargaur

472 2156 505 2213 de
528 2152 649 2229 Obelisco
670 2172 714 2231 ap.
738 2154 827 2213 Grac.
849 2149 923 2230 Ti‘fi
944 2154 1017 2210 Tum.
1040 2173 1073 2227 4,
1085 2170 1114 2229 p.
1135 2153 1215 2228 1908.
1234 2151 1361 2234 Scdoertg.

513 2232 634 2296 Metalla
657 2231 688 2292 in
709 2252 796 2309 agro,
818 2232 895 2292 Varr.
916 2252 941 2304 1,
964 2252 991 2291 2.
1328 2256 1334 2262 ·

487 2364 493 2373 .
513 2312 693 2391 Metaphorae
701 2313 834 2376 Varronis
850 2313 1045 2372 exstantiores.
1067 2310 1153 2373 vinea
1169 2312 1311 2374 ministrat
1330 2325 1445 2387 acratoq'

476 2395 571 2477 phoro
593 2397 708 2470 vinum,
730 2415 755 2467 r,
772 2394 799 2456 8.
826 2395 960 2455 dominus
983 2391 1111 2456 furcillas
1128 2413 1145 2471 ς
1164 2396 1246 2455 vinea
1264 2395 1380 2456 reducit
1400 2397 1443 2456 hi.

475 2480 631 2542 bernatum
648 2479 679 2539 in
700 2479 793 2552 tecta,
815 2498 845 2552 r,
865 2476 892 2538 8.
911 2476 1010 2538 vinum
1029 2475 1059 2534 in
1079 2488 1162 2555 partu
1182 2478 1208 2538 d
1225 2474 1364 2538 alimonio
1381 2497 1444 2539 non

473 2576 508 2623 ut
525 2562 555 2619 in
571 2559 662 2619 calice
679 2562 780 2635 quaerit
801 2577 925 2635 aquam,
940 2558 988 2619 sed
1009 2556 1117 2620 solem:
1139 2560 1236 2635 itaque
1248 2559 1313 2619 ideo
1330 2560 1444 2622 evirata

471 2642 504 2701 in
522 2640 637 2698 arbores
662 2640 807 2713 ascendit,
831 2659 863 2714 ι,
884 2640 912 2699 8.
938 2639 1043 2700 cohors
1064 2639 1098 2699 ἠ
1117 2640 1244 2703 ministra
1269 2640 1384 2716 fundo,
1408 2661 1442 2716 r,

473 2740 520 2797 13.
532 2722 571 2795 fic
585 2720 663 2793 quod
687 2717 790 2778 horum
807 2718 913 2795 inopiae
931 2719 1055 2780 subsidio
1070 2720 1144 2782 misit
1160 2722 1382 2795 arundinetum,
1408 2742 1441 2797 r,

471 2798 503 2859 8.
522 2800 576 2859 oid.
608 2818 712 2875 quatro.
735 2799 805 2858 colit
830 2799 925 2859 ulmus
951 2801 1215 2878 aliquotcorbulas
1241 2820 1384 2875 uvarum,
1409 2827 1442 2877 r,

439 2900 442 2905 ·
466 2899 520 2962 ας.
540 2879 758 2940 instrumentum
786 2881 922 2941 rusticum
951 2883 1088 2946 dividitur
1108 2882 1162 2966 (rex
1188 2884 1392 2957 Grammatico)
1412 2885 1441 2944 in

470 2960 595 3035 vocale,
611 2959 798 3035 semivocale,
816 2965 843 3023 dt
863 2975 976 3025 mutum
998 2988 1034 3039 r,
1055 2986 1098 3045 17.
1115 2983 1177 3043 quae
1195 2982 1239 3025 res
1256 2966 1391 3041 quotidie
1403 2969 1441 3025 vi-

471 3043 596 3120 dentur,
617 3043 712 3103 minus
732 3056 865 3104 metuunt
882 3045 998 3120 furem,
1018 3068 1051 3120 1,
1071 3068 1118 3108 22.
1137 3065 1230 3107 annus
1245 3046 1439 3124 prospiciens,

473 3146 505 3202 r,
521 3146 566 3205 23.
595 3126 704 3187 fructus
723 3128 807 3188 uidet
827 3128 859 3186 in
877 3126 945 3187 villa
966 3127 1077 3188 dolium
1096 3146 1131 3189 ac
1152 3128 1304 3203 modium,
1326 3132 1354 3192 dr
1373 3148 1442 3205 pro-

471 3209 517 3270 dit
534 3207 570 3268 ad
594 3209 692 3283 usum,
710 3230 735 3281 1,
757 3229 799 3287 37.
817 3211 878 3269 add.
907 3208 975 3271 Pali.
1001 3230 1033 3284 r,
1047 3210 1074 3271 6.
1093 3210 1208 3271 'semina
1227 3209 1325 3270 adulta
1343 3210 1441 3271 conci·

420 3306 427 3319 '
471 3290 580 3368 piunt,
600 3292 774 3367 praegnantis
803 3308 871 3351 cum
897 3290 980 3369 sunt,
1003 3292 1139 3367 pariunt,
1165 3314 1198 3366 r,
1218 3314 1267 3367 44.
1285 3310 1351 3353 aere
1365 3291 1442 3367 frigi·

471 3371 556 3432 dioro
571 3371 723 3447 tinguntur
742 3372 872 3446 radices,
899 3393 925 3447 1,
940 3394 988 3455 45.
1010 3372 1106 3433 herbae
1124 3376 1251 3452 rixantur
1265 3392 1302 3432 ac
1321 3372 1441 3433 celerius

468 3467 664 3529 rumpuntur,
682 3471 767 3529 quam
782 3452 956 3530 sequuntur,
974 3475 999 3528 1,
1017 3476 1066 3532 47.
1088 3454 1158 3514 ostia
1180 3454 1291 3528 aperire
1312 3454 1442 3515 mutibus

470 3554 509 3597 ac
527 3534 677 3608 formicis,
700 3557 725 3605 1,
744 3555 786 3614 5¹·
809 3537 987 3597 frumentum
1009 3553 1114 3612 purum
1131 3534 1228 3594 ueniat
1248 3537 1287 3596 ad
1305 3536 1440 3609 corbem,

474 3638 503 3689 r,
519 3636 565 3697 52.
584 3635 637 3674 uva
652 3614 800 3676 descendit
818 3618 940 3690 devite,
961 3639 988 3693 1,
1009 3638 1052 3698 54.
1078 3614 1227 3676 descendit
1245 3617 1276 3675 in
1292 3616 1441 3694 piscinam,

472 3699 506 3766 in
523 3696 694 3773 amphoram
715 3699 855 3775 piratam,
878 3720 913 3771 1,
935 3720 980 3779 54.
998 3699 1061 3759 olea
1079 3698 1220 3775 peridem
1240 3696 1350 3758 bivium
1366 3698 1443 3756 redit

472 3778 504 3841 in
517 3778 639 3852 stillam,
663 3800 686 3850 r,
706 3800 749 3861 55.
766 3782 864 3857 prodit
882 3782 997 3852 vinum,
1015 3782 1110 3862 1,65.
1131 3780 1167 3839 ad
1186 3779 1381 3850 abjiciendum
1396 3780 1442 3838 de-

470 3861 637 3923 scensurum
660 3860 687 3921 se
706 3865 877 3922 minitantur
904 3863 1040 3939 penuria,
1062 3859 1088 3938 1,
1109 3861 1157 3922 68.
1178 3860 1314 3937 Epirotici
1333 3879 1443 3934 pecua«

414 3969 423 3994 r
471 3945 510 4001 sii
521 3944 653 4015 athletas,
670 3966 703 4018 2,
723 3965 748 4004 1.
768 3961 861 4002 verres
874 3945 897 4001 it
913 3960 1005 4019 retro,
1023 3947 1049 4006 lr.
1064 3966 1085 4004 e.
1101 3943 1210 4003 deterior
1217 3946 1254 4021 fit
1265 3941 1438 4020 adscriptam,

474 4028 570 4097 quoad
592 4028 739 4099 perveniat
763 4026 800 4083 ad
819 4023 946 4099 lanium,
966 4048 994 4099 2,
1013 4049 1040 4100 4.
1058 4039 1090 4085 ut
1111 4025 1208 4085 omnia
1229 4024 1383 4099 sequantur
1400 4025 1439 4080 in·

475 4102 649 4183 strumenta,
664 4110 691 4168 lr.
704 4130 726 4168 e.
746 4128 802 4167 una
815 4106 975 4187 afflraruur,
993 4105 1031 4181 2',
1051 4128 1098 4171 ro.
1112 4105 1182 4171 villa
1197 4107 1282 4186 vvidet
1304 4103 1444 4166 foenisrcia
