3425 5075
513 515 1171 693 'Rusticum

314 759 332 784 Χ
378 741 425 805 De
441 737 533 818 Aprili
554 737 670 811 medio,
695 735 757 798 Col.
781 756 817 807 2,
836 755 865 808 4.
890 735 929 795 de
944 733 1080 797 clunibus
1101 740 1206 815 pinnas
1223 738 1349 805 habeant

378 820 511 902 gullinae,
531 821 609 883 Varr.
628 838 661 899 3,
678 840 707 900 9.
723 818 761 878 de
777 818 866 894 ternis
883 817 1006 894 pedibus
1023 818 1073 879 ulii
1090 821 1163 881 rami
1177 820 1349 886 submitten·

378 905 426 981 di,
445 900 511 965 Col.
535 921 568 983 3,
587 898 616 961 6.
644 901 681 960 de
707 898 852 976 capitibus
874 897 1048 976 ungulomm
1072 900 1203 976 calcant,
1224 903 1295 980 Vegss
1314 927 1347 981 2,

381 1008 426 1070 54.
440 1003 521 1044 rrererr
535 1004 588 1041 nur
595 981 693 1061 firrrrerr
712 981 760 1040 mit
777 983 823 1039 der
838 980 947 1060 Spirren
970 983 1029 1062 auf.
1046 983 1083 1042 de
1103 1003 1251 1044 ramorum
1267 997 1348 1046 'con-

377 1068 503 1128 nexione
518 1062 683 1124 inseruntut
703 1062 827 1134 Punica,
844 1059 915 1121 Poll.
930 1083 967 1135 4,
985 1062 1119 1127 to.*Pro
1136 1085 1182 1126 ex.
1209 1067 1246 1127 de
1256 1071 1349 1131 muria

379 1160 508 1221 exeunt,
525 1142 590 1206 Col.
612 1164 665 1216 12,
679 1165 728 1223 47.
750 1144 787 1203 de
808 1140 971 1220 pavonibus
989 1162 1103 1223 greges,
1116 1147 1195 1208 Varr.
1216 1166 1250 1227 3,
1265 1150 1294 1211 6.
1308 1145 1350 1210 u.

379 1235 426 1294 eto
446 1229 484 1289 de
508 1225 689 1303 ¹arundinum
708 1223 808 1296 foliis,
830 1222 897 1284 col.
933 1243 986 1298 12,
1005 1246 1054 1303 47.
1070 1225 1087 1257 ⁴*
1104 1226 1158 1288 Pro
1169 1229 1289 1289 ablativo
1305 1233 1348 1290 in·

374 1309 508 1396 strumenti
522 1307 574 1369 tec.
595 1305 640 1369 De
657 1308 788 1366 cauterio
815 1304 932 1380 adusta,
956 1305 1025 1384 Veg.
1044 1328 1083 1391 3,
1103 1327 1147 1383 ¹7·
1166 1310 1204 1368 de
1221 1311 1348 1386 pollice,

378 1412 479 1469 2,40.
497 1388 625 1469 defugio
643 1386 849 1461 involvantur,
871 1407 907 1465 3,
928 1404 973 1463 15³
996 1388 1034 1448 de
1054 1389 1261 1465 experimentis
1284 1413 1350 1469 pro·

381 1475 453 1536 batae
469 1470 645 1541 medicine,
664 1491 702 1544 4,
718 1490 749 1548 7,
769 1468 844 1529 &at
863 1467 879 1499 ⁴
896 1467 993 1530 Desub
1011 1469 1099 1530 malin
1113 1516 1123 1544 ,
1139 1469 1202 1533 Col.
1225 1491 1278 1546 12,
1298 1494 1345 1555 34.
1448 1463 1452 1473 ’

381 1553 469 1618 desub
480 1550 605 1630 pedibus
620 1563 739 1625 raptum
756 1549 881 1627 multum
894 1593 902 1624 ,
916 1547 985 1614 Pau,
1005 1571 1037 1610 11
1050 1599 1061 1625 ,
1073 1571 1119 1612 ιι.
1132 1553 1200 1610 idem
1215 1553 1262 1633 effe
1273 1573 1349 1634 puro,

378 1640 451 1719 quod
469 1632 561 1696 desub
589 1631 696 1707 massa,
713 1651 849 1714 utrumque
874 1631 988 1692 medium
1012 1634 1080 1693 incer
1100 1632 1221 1694 lixivum
1241 1634 1351 1696 &inrer

378 1718 537 1789 tortivum,
556 1735 665 1794 quorum
684 1713 756 1773 illud
763 1716 860 1808 sponte
882 1732 945 1772 erue
966 1713 1110 1794 preffieram
1123 1717 1209 1796 fluit,
1229 1718 1277 1777 hoc
1291 1720 1351 1801 post

375 1801 490 1883 primam
515 1796 655 1880 preſjuram
682 1794 832 1874 circumcifh
857 1797 924 1875 pede
950 1797 1113 1876 exprimitur.
1141 1796 1264 1858 Mallem
1293 1800 1350 1859 diei

379 1881 519 1954 commode,
531 1879 578 1960 qui
589 1879 664 1938 aliar
680 1895 733 1954 pes
751 1879 794 1958 est,
811 1877 856 1937 vel
866 1877 930 1956 ufirs
947 1880 1080 1952 austerum
1090 1878 1230 1958 nostrorum
1245 1881 1274 1939 in
1278 1883 1350 1960 ficu·

379 1967 433 2024 dus
451 1960 627 2042 fimilr'bufque
654 1959 772 2041 ostendit.
795 1957 1006 2038 Compostrr'onem
1025 1958 1237 2042 praepositionum
1259 1961 1349 2023 desub

382 2065 438 2104 non
453 2040 499 2122 effe
515 2043 651 2123 indignam
664 2061 721 2101 aevo
739 2039 911 2116 Columella,
925 2042 1024 2101 Florus
1040 2043 1148 2124 oflendir
1162 2064 1288 2121 2,3,2:
1300 2045 1350 2106 de·

381 2122 435 2187 sub
449 2123 513 2202 ipis
528 2121 667 2187 faucibus
686 2118 787 2183 ltaliae.
810 2125 895 2182 Taceo
913 2121 1098 2204 agrurrenfirres
1108 2139 1224 2199 veteres,
1240 2118 1354 2205 quomm'

376 2205 499 2288 plufiula
517 2206 546 2266 id
557 2224 640 2286 genus
647 2204 802 2286 firppedr'rat
811 2204 841 2262 in
856 2203 948 2263 Iudice
967 2204 1079 2283 Goefirrs.
1099 2205 1162 2271 Vid.
1177 2205 1295 2270 deforis.

418 2288 488 2350 Dea.
504 2285 551 2346 his
571 2286 654 2357 Diis,
672 2287 706 2347 de
719 2287 827 2366 Mufis,
850 2284 932 2348 Van.
954 2303 987 2365 3,
1005 2287 1051 2350 ι6.

417 2369 576 2432 Dercineta
589 2365 670 2442 dolie
680 2410 690 2440 ,
702 2365 768 2428 Cat.
789 2367 837 2428 26.

337 2498 344 2514 .
417 2449 572 2514 Dealbutie
584 2448 759 2526 parietibus,
775 2446 845 2508 Poll.
869 2468 901 2522 1,
919 2467 966 2522 24.

418 2529 668 2606 Decacumimte,
683 2530 745 2596 cot.
767 2552 803 2607 4,
822 2553 851 2607 7.
876 2549 902 2611 5,
914 2530 942 2592 6.

417 2612 581 2679 Decalvare
597 2610 737 2691 pblouhro
757 2612 899 2688 Indutio,
919 2610 988 2689 Veg.
1009 2631 1047 2685 ι,
1063 2608 1112 2689 48.

400 2697 586 2770 ‚Decamare
602 2694 830 2774 syriugotomim
849 2694 919 2772 Veg.
938 2715 973 2768 2,
991 2714 1039 2773 27.
1058 2697 1121 2756 add.
1139 2698 1247 2771 2,‘42.
1268 2716 1303 2779 3,
1318 2696 1347 2758 6.

419 2778 570 2842 Decedere
583 2778 622 2837 de
640 2774 795 2843 nobilitate
811 2778 943 2856 geuene,
961 2778 1131 2858 degenerare,
1150 2774 1220 2840 Pell.
1246 2798 1276 2860 3,
1299 2800 1345 2861 25.

417 2858 589 2923 Decembris
611 2877 719 2942 opera,
742 2858 805 2922 Col.
824 2879 874 2933 ιι,
894 2878 923 2926 2,
1110 2932 1112 2935 .

421 2938 728 3015 Decemmodiae,Col.
743 2961 778 3002 ιι
789 2989 798 3016 ,
810 2958 855 3020 50.
877 2940 1050 3002 decimodiae
1060 2943 1138 3021 scrib.
1150 2930 1282 3014 Coliz,
1304 2941 1348 3002 18.

421 3021 612 3103 Decempedae
628 3021 745 3097 XVIII,
765 3020 835 3084 Pall.
851 3041 945 3098 ι,ιι.

368 3115 380 3152 l
421 3103 660 3180 Devennimalot
677 3104 791 3179 abnuo,
808 3101 935 3178 Patls4,
955 3122 1000 3175 14.
1385 3130 1388 3135 ν

423 3187 504 3261 quod
520 3186 637 3248 Decidit
642 3232 655 3260 ‚
658 3201 708 3266 per
719 3184 921 3266 [annologiam
931 3184 1029 3261 flemus
1039 3226 1048 3255 ,
1058 3179 1124 3242 col.
1136 3181 1166 3253 6,
1207 3225 1214 3241 .
1234 3181 1349 3243 decidet

384 3266 470 3325 musti
485 3285 551 3343 pars
569 3268 701 3341 decima,
722 3270 747 3328 lr.
763 3290 784 3327 e.
800 3267 949 3343 absuruetur
966 3264 995 3321 in
1008 3267 1127 3336 coelura,
1147 3261 1189 3323 Co
1203 3305 1211 3322 .
1236 3281 1271 3322 12
1282 3307 1291 3335 ,
1302 3285 1348 3334 κο.

425 3346 529 3410 Decies
549 3350 576 3410 dv
593 3350 681 3410 otties
698 3346 879 3427 supputatae,
896 3340 963 3405 vall.
985 3362 1021 3417 2,
1041 3363 1087 3405 12.

424 3428 590 3492 DecImanis
614 3428 711 3492 divilae
733 3430 826 3503 vites,
849 3424 918 3489 Pau.
947 3447 987 3508 3,
1011 3443 1040 3502 pe
1068 3427 1125 3486 vid
1154 3424 1350 3490 Decumanus.

380 3522 517 3573 extremae
541 3513 618 3574 circu
643 3510 831 3574 decimanum
850 3505 974 3582 tabulae,
997 3504 1067 3571 Pau.
1090 3530 1128 3593 3,
1151 3508 1197 3573 ι8.
1212 3511 1240 3572 t.
1253 3530 1276 3571 e.
1298 3509 1350 3569 vie

334 3617 339 3623 ·
379 3592 474 3674 majori
488 3593 594 3655 vineam
616 3594 747 3655 dividenti
760 3595 897 3670 contigua.
937 3637 945 3652 .

420 3672 701 3747 Decimodiae,-vid.
722 3672 952 3737 Decemmodiae.

422 3754 539 3834 Decipit
557 3755 721 3817 custodiam
743 3756 862 3832 postoris
884 3773 994 3829 pecus,
1019 3752 1082 3815 Col.
1107 3752 1144 3821 8,
1160 3774 1187 3826 4.

420 3835 611 3898 Declarantur
632 3851 747 3898 maturo
759 3838 856 3899 fructu
876 3837 1008 3913 foliisque
1022 3837 1113 3906 vites,
1129 3833 1193 3894 Col.
1205 3853 1239 3911 3,
1260 3852 1306 3894 20.

420 3917 576 3980 Declinata
595 3938 611 3979 a
620 3920 767 3988 metendo
787 3916 882 3978 meffis
893 3963 902 3988 ,
915 3924 950 3978 de
962 3917 1140 3996 erymougia,
1163 3914 1241 3974 Varrl
1256 3934 1290 3988 1,
1304 3935 1349 4002 50.

421 3998 586 4061 Declinatio
607 4000 730 4073 mundi,
748 3999 859 4079 eripe,
874 3998 936 4060 Col.
960 4018 995 4078 ι,
1018 3996 1097 4059 Praef.
1116 3997 1146 4055 ir.
1171 4016 1204 4071 1,
1222 3996 1248 4059 6.
1272 4015 1304 4077 3,
1326 4018 1349 4058 ι.

382 4076 595 4145 declinationes
614 4080 700 4159 cmii,
718 4079 781 4144 Col.
796 4101 833 4161 4,
854 4101 901 4159 24·
942 4098 948 4110 ·
1060 4079 1068 4101 ’
1127 4099 1130 4103 ’
1289 4084 1291 4087 ’
