<?xml version="1.0" encoding="UTF-8"?>
<!DOCTYPE html PUBLIC "-//W3C//DTD XHTML 1.0 Transitional//EN"
    "http://www.w3.org/TR/xhtml1/DTD/xhtml1-transitional.dtd">
<html xmlns="http://www.w3.org/1999/xhtml" xml:lang="en" lang="en">
 <head>
  <title>
</title>
<meta http-equiv="Content-Type" content="text/html;charset=utf-8" />
  <meta name='ocr-system' content='tesseract 3.04.00' />
  <meta name='ocr-capabilities' content='ocr_page ocr_carea ocr_par ocr_line ocrx_word'/>
</head>
<body>
  <div class='ocr_page' id='page_1' title='image "./scriptoresreiru01gesngoog_0292.png"; bbox 0 0 3425 5075; ppageno 0'>
   <div class='ocr_carea' id='block_1_1' title="bbox 678 597 1176 677">
    <p class='ocr_par' dir='ltr' id='par_1_1' title="bbox 678 597 1176 677">
     <span class='ocr_line' id='line_1_1' title="bbox 678 597 1176 677; baseline -0.002 -7"><span class='ocrx_word' id='word_1_1' title='bbox 678 597 1176 677; x_wconf 84' lang='lat' dir='ltr'><strong>LEXlCON</strong></span> 
     </span>
    </p>
   </div>
   <div class='ocr_carea' id='block_1_2' title="bbox 449 748 1406 924">
    <p class='ocr_par' dir='ltr' id='par_1_2' title="bbox 449 748 1406 924">
     <span class='ocr_line' id='line_1_2' title="bbox 488 748 1406 839; baseline -0.005 -20"><span class='ocrx_word' id='word_1_2' title='bbox 488 759 619 836; x_wconf 83' lang='lat' dir='ltr'>Nequam</span> <span class='ocrx_word' id='word_1_3' title='bbox 640 755 754 830; x_wconf 83' lang='lat' dir='ltr'><strong>hotius,</strong></span> <span class='ocrx_word' id='word_1_4' title='bbox 769 756 847 816; x_wconf 75' lang='lat' dir='ltr'><strong>Vati.</strong></span> <span class='ocrx_word' id='word_1_5' title='bbox 863 779 890 832; x_wconf 85' lang='lat'><strong>1,</strong></span> <span class='ocrx_word' id='word_1_6' title='bbox 909 777 955 830; x_wconf 83' lang='lat'><strong>24.</strong></span> <span class='ocrx_word' id='word_1_7' title='bbox 975 757 1087 819; x_wconf 77' lang='lat' dir='ltr'><strong>exeat</strong></span> <span class='ocrx_word' id='word_1_8' title='bbox 1105 757 1135 819; x_wconf 91' lang='lat'><strong>6.</strong></span> <span class='ocrx_word' id='word_1_9' title='bbox 1155 754 1294 834; x_wconf 84' lang='lat' dir='ltr'><strong>frugifero</strong></span> <span class='ocrx_word' id='word_1_10' title='bbox 1311 748 1406 839; x_wconf 65' lang='lat' dir='ltr'><strong>oppon.</strong></span> 
     </span>
     <span class='ocr_line' id='line_1_3' title="bbox 449 836 1189 924; baseline -0.005 -23"><span class='ocrx_word' id='word_1_11' title='bbox 449 839 515 902; x_wconf 85' lang='lat' dir='ltr'><strong>cot.</strong></span> <span class='ocrx_word' id='word_1_12' title='bbox 532 864 559 924; x_wconf 83' lang='lat'><strong>3,</strong></span> <span class='ocrx_word' id='word_1_13' title='bbox 584 860 627 900; x_wconf 92' lang='lat'><strong>10.</strong></span> <span class='ocrx_word' id='word_1_14' title='bbox 641 841 656 869; x_wconf 76' lang='lat'><em>*</em></span> <span class='ocrx_word' id='word_1_15' title='bbox 675 836 845 914; x_wconf 69' lang='lat' dir='ltr'><strong>nequissima</strong></span> <span class='ocrx_word' id='word_1_16' title='bbox 867 837 976 914; x_wconf 81' lang='lat' dir='ltr'><strong>pallio,</strong></span> <span class='ocrx_word' id='word_1_17' title='bbox 996 840 1066 915; x_wconf 86' lang='lat' dir='ltr'><strong>Veg.</strong></span> <span class='ocrx_word' id='word_1_18' title='bbox 1088 858 1123 917; x_wconf 79' lang='lat'><strong>3,</strong></span> <span class='ocrx_word' id='word_1_19' title='bbox 1142 857 1189 917; x_wconf 81' lang='lat'><strong>23.</strong></span> 
     </span>
    </p>
   </div>
   <div class='ocr_carea' id='block_1_3' title="bbox 408 918 1480 4176">
    <p class='ocr_par' dir='ltr' id='par_1_3' title="bbox 447 918 1410 1325">
     <span class='ocr_line' id='line_1_4' title="bbox 491 918 1408 1000; baseline -0.004 -17"><span class='ocrx_word' id='word_1_20' title='bbox 491 924 591 998; x_wconf 85' lang='lat' dir='ltr'><strong>Neque</strong></span> <span class='ocrx_word' id='word_1_21' title='bbox 615 938 690 990; x_wconf 90' lang='lat' dir='ltr'><strong>non,</strong></span> <span class='ocrx_word' id='word_1_22' title='bbox 712 920 789 979; x_wconf 78' lang='lat' dir='ltr'><strong>Vari.</strong></span> <span class='ocrx_word' id='word_1_23' title='bbox 812 939 837 992; x_wconf 87' lang='lat'><strong>1,</strong></span> <span class='ocrx_word' id='word_1_24' title='bbox 852 940 881 1000; x_wconf 90' lang='lat'><strong>9.</strong></span> <span class='ocrx_word' id='word_1_25' title='bbox 904 937 997 996; x_wconf 85' lang='lat' dir='ltr'><strong>neque</strong></span> <span class='ocrx_word' id='word_1_26' title='bbox 1020 938 1079 978; x_wconf 87' lang='lat' dir='ltr'><strong>uun</strong></span> <span class='ocrx_word' id='word_1_27' title='bbox 1100 932 1253 996; x_wconf 80' lang='lat' dir='ltr'><strong>praeterea,</strong></span> <span class='ocrx_word' id='word_1_28' title='bbox 1274 918 1354 979; x_wconf 85' lang='lat' dir='ltr'><strong>Varr.</strong></span> <span class='ocrx_word' id='word_1_29' title='bbox 1372 940 1408 994; x_wconf 89' lang='lat'><strong>2,</strong></span> 
     </span>
     <span class='ocr_line' id='line_1_5' title="bbox 452 997 1409 1086; baseline 0 -24"><span class='ocrx_word' id='word_1_30' title='bbox 452 1024 478 1086; x_wconf 83' lang='lat'><strong>5.</strong></span> <span class='ocrx_word' id='word_1_31' title='bbox 490 1021 583 1077; x_wconf 86' lang='lat' dir='ltr'><strong>neque</strong></span> <span class='ocrx_word' id='word_1_32' title='bbox 599 1019 657 1059; x_wconf 90' lang='lat' dir='ltr'><strong>non</strong></span> <span class='ocrx_word' id='word_1_33' title='bbox 676 1000 870 1074; x_wconf 85' lang='lat' dir='ltr'><strong>etiam,Varr.</strong></span> <span class='ocrx_word' id='word_1_34' title='bbox 885 1019 917 1080; x_wconf 80' lang='lat'><strong>-3,</strong></span> <span class='ocrx_word' id='word_1_35' title='bbox 930 1022 956 1083; x_wconf 84' lang='lat'><strong>3.</strong></span> <span class='ocrx_word' id='word_1_36' title='bbox 975 997 1041 1060; x_wconf 84' lang='lat' dir='ltr'><strong>valo</strong></span> <span class='ocrx_word' id='word_1_37' title='bbox 1059 999 1171 1059; x_wconf 86' lang='lat' dir='ltr'><strong>aheneo</strong></span> <span class='ocrx_word' id='word_1_38' title='bbox 1188 1017 1284 1077; x_wconf 88' lang='lat' dir='ltr'><strong>neque</strong></span> <span class='ocrx_word' id='word_1_39' title='bbox 1297 998 1409 1062; x_wconf 73' lang='lat' dir='ltr'><strong>nucleis</strong></span> 
     </span>
     <span class='ocr_line' id='line_1_6' title="bbox 447 1079 1410 1157; baseline -0.006 -12"><span class='ocrx_word' id='word_1_40' title='bbox 447 1087 487 1146; x_wconf 83' lang='lat' dir='ltr'><strong>ad</strong></span> <span class='ocrx_word' id='word_1_41' title='bbox 505 1082 599 1142; x_wconf 81' lang='lat' dir='ltr'><strong>oleum</strong></span> <span class='ocrx_word' id='word_1_42' title='bbox 618 1100 677 1142; x_wconf 87' lang='lat' dir='ltr'><strong>nou</strong></span> <span class='ocrx_word' id='word_1_43' title='bbox 698 1095 814 1152; x_wconf 85' lang='lat' dir='ltr'><strong>utatur,</strong></span> <span class='ocrx_word' id='word_1_44' title='bbox 828 1081 890 1142; x_wconf 87' lang='lat' dir='ltr'><strong>Cat.</strong></span> <span class='ocrx_word' id='word_1_45' title='bbox 910 1085 939 1143; x_wconf 89' lang='lat'><strong>6.</strong></span> <span class='ocrx_word' id='word_1_46' title='bbox 957 1100 1050 1157; x_wconf 88' lang='lat' dir='ltr'><strong>neque</strong></span> <span class='ocrx_word' id='word_1_47' title='bbox 1070 1080 1207 1156; x_wconf 83' lang='lat' dir='ltr'><strong>adjuvant</strong></span> <span class='ocrx_word' id='word_1_48' title='bbox 1224 1079 1320 1142; x_wconf 86' lang='lat' dir='ltr'><strong>&amp;mel</strong></span> <span class='ocrx_word' id='word_1_49' title='bbox 1341 1098 1410 1140; x_wconf 88' lang='lat' dir='ltr'><strong>con·</strong></span> 
     </span>
     <span class='ocr_line' id='line_1_7' title="bbox 449 1161 1410 1244; baseline -0.001 -18"><span class='ocrx_word' id='word_1_50' title='bbox 449 1166 582 1237; x_wconf 83' lang='lat' dir='ltr'><strong>sumunt,</strong></span> <span class='ocrx_word' id='word_1_51' title='bbox 598 1163 676 1223; x_wconf 84' lang='lat' dir='ltr'><strong>Vam.</strong></span> <span class='ocrx_word' id='word_1_52' title='bbox 695 1184 723 1244; x_wconf 86' lang='lat'><strong>3,</strong></span> <span class='ocrx_word' id='word_1_53' title='bbox 740 1162 809 1223; x_wconf 70' lang='grc' dir='ltr'><strong>ι6.’ι</strong></span> <span class='ocrx_word' id='word_1_54' title='bbox 821 1181 915 1239; x_wconf 89' lang='lat' dir='ltr'><strong>neque</strong></span> <span class='ocrx_word' id='word_1_55' title='bbox 931 1161 995 1222; x_wconf 87' lang='lat' dir='ltr'><strong>satis</strong></span> <span class='ocrx_word' id='word_1_56' title='bbox 1009 1163 1116 1224; x_wconf 74' lang='lat' dir='ltr'><strong>fuitum</strong></span> <span class='ocrx_word' id='word_1_57' title='bbox 1128 1163 1184 1236; x_wconf 84' lang='lat' dir='ltr'><strong>est,</strong></span> <span class='ocrx_word' id='word_1_58' title='bbox 1191 1185 1243 1242; x_wconf 84' lang='lat' dir='ltr'><strong>pro</strong></span> <span class='ocrx_word' id='word_1_59' title='bbox 1256 1181 1333 1237; x_wconf 84' lang='lat' dir='ltr'><strong>non,</strong></span> <span class='ocrx_word' id='word_1_60' title='bbox 1346 1163 1410 1226; x_wconf 78' lang='lat' dir='ltr'><strong>Cat.</strong></span> 
     </span>
     <span class='ocr_line' id='line_1_8' title="bbox 451 1244 1143 1325; baseline -0.007 -17"><span class='ocrx_word' id='word_1_61' title='bbox 451 1267 518 1318; x_wconf 84' lang='grc' dir='ltr'><strong>ι4ι.</strong></span> <span class='ocrx_word' id='word_1_62' title='bbox 531 1245 547 1275; x_wconf 76' lang='lat'><em>*</em></span> <span class='ocrx_word' id='word_1_63' title='bbox 560 1262 671 1321; x_wconf 88' lang='lat' dir='ltr'><strong>neque,</strong></span> <span class='ocrx_word' id='word_1_64' title='bbox 686 1265 735 1322; x_wconf 86' lang='lat' dir='ltr'><strong>pro</strong></span> <span class='ocrx_word' id='word_1_65' title='bbox 750 1262 786 1303; x_wconf 84' lang='lat' dir='ltr'><strong>ne</strong></span> <span class='ocrx_word' id='word_1_66' title='bbox 804 1245 940 1320; x_wconf 83' lang='lat' dir='ltr'><strong>quidem,</strong></span> <span class='ocrx_word' id='word_1_67' title='bbox 962 1244 1024 1306; x_wconf 91' lang='lat' dir='ltr'><strong>Col.</strong></span> <span class='ocrx_word' id='word_1_68' title='bbox 1046 1264 1080 1325; x_wconf 82' lang='lat'><strong>3,</strong></span> <span class='ocrx_word' id='word_1_69' title='bbox 1096 1263 1143 1308; x_wconf 84' lang='lat'><strong>21.</strong></span> 
     </span>
    </p>

    <p class='ocr_par' dir='ltr' id='par_1_4' title="bbox 489 1325 887 1398">
     <span class='ocr_line' id='line_1_9' title="bbox 489 1325 887 1398; baseline -0.013 -9"><span class='ocrx_word' id='word_1_70' title='bbox 489 1326 576 1389; x_wconf 83' lang='lat' dir='ltr'><strong>Neria</strong></span> <span class='ocrx_word' id='word_1_71' title='bbox 596 1325 678 1398; x_wconf 86' lang='lat' dir='ltr'><strong>olea,</strong></span> <span class='ocrx_word' id='word_1_72' title='bbox 696 1327 752 1388; x_wconf 83' lang='lat' dir='ltr'><strong>vid.</strong></span> <span class='ocrx_word' id='word_1_73' title='bbox 773 1325 887 1387; x_wconf 75' lang='lat' dir='ltr'><strong>Naevia.¹</strong></span> 
     </span>
    </p>

    <p class='ocr_par' dir='ltr' id='par_1_5' title="bbox 488 1407 938 1483">
     <span class='ocr_line' id='line_1_10' title="bbox 488 1407 938 1483; baseline -0.004 -11"><span class='ocrx_word' id='word_1_74' title='bbox 488 1410 584 1472; x_wconf 85' lang='lat' dir='ltr'><strong>Nerua</strong></span> <span class='ocrx_word' id='word_1_75' title='bbox 601 1407 744 1481; x_wconf 86' lang='lat' dir='ltr'><strong>Licinius,</strong></span> <span class='ocrx_word' id='word_1_76' title='bbox 766 1407 841 1469; x_wconf 81' lang='lat' dir='ltr'><strong>Vart.</strong></span> <span class='ocrx_word' id='word_1_77' title='bbox 862 1429 890 1480; x_wconf 87' lang='lat'><strong>2,</strong></span> <span class='ocrx_word' id='word_1_78' title='bbox 909 1429 938 1483; x_wconf 86' lang='lat'><strong>4.</strong></span> 
     </span>
    </p>

    <p class='ocr_par' dir='ltr' id='par_1_6' title="bbox 487 1486 1412 1566">
     <span class='ocr_line' id='line_1_11' title="bbox 487 1486 1412 1566; baseline 0.001 -13"><span class='ocrx_word' id='word_1_79' title='bbox 487 1493 652 1554; x_wconf 86' lang='lat' dir='ltr'><strong>Nervutum</strong></span> <span class='ocrx_word' id='word_1_80' title='bbox 681 1487 803 1548; x_wconf 89' lang='lat' dir='ltr'><strong>intentio</strong></span> <span class='ocrx_word' id='word_1_81' title='bbox 832 1488 944 1566; x_wconf 79' lang='lat' dir='ltr'><strong>signum</strong></span> <span class='ocrx_word' id='word_1_82' title='bbox 969 1488 1119 1550; x_wconf 84' lang='lat' dir='ltr'><strong>cruditatis</strong></span> <span class='ocrx_word' id='word_1_83' title='bbox 1145 1487 1176 1549; x_wconf 88' lang='lat' dir='ltr'><strong>in</strong></span> <span class='ocrx_word' id='word_1_84' title='bbox 1204 1487 1322 1564; x_wconf 85' lang='lat' dir='ltr'><strong>bubus,</strong></span> <span class='ocrx_word' id='word_1_85' title='bbox 1346 1486 1412 1554; x_wconf 84' lang='lat' dir='ltr'><strong>Col.</strong></span> 
     </span>
    </p>

    <p class='ocr_par' dir='ltr' id='par_1_7' title="bbox 453 1622 1406 1814">
     <span class='ocr_line' id='line_1_12' title="bbox 475 1622 1406 1729; baseline 0 -13"><span class='ocrx_word' id='word_1_86' title='bbox 475 1622 622 1716; x_wconf 70' lang='lat' dir='ltr'><strong>’Nescitut</strong></span> <span class='ocrx_word' id='word_1_87' title='bbox 639 1652 683 1712; x_wconf 84' lang='lat' dir='ltr'><strong>via</strong></span> <span class='ocrx_word' id='word_1_88' title='bbox 697 1651 882 1729; x_wconf 87' lang='lat' dir='ltr'><strong>pruinarum,</strong></span> <span class='ocrx_word' id='word_1_89' title='bbox 897 1651 967 1715; x_wconf 85' lang='lat' dir='ltr'><strong>Pali.</strong></span> <span class='ocrx_word' id='word_1_90' title='bbox 987 1672 1032 1728; x_wconf 86' lang='lat'><strong>11,</strong></span> <span class='ocrx_word' id='word_1_91' title='bbox 1043 1674 1082 1727; x_wconf 84' lang='lat'><strong>4,</strong></span> <span class='ocrx_word' id='word_1_92' title='bbox 1100 1652 1333 1729; x_wconf 78' lang='lat' dir='ltr'><strong>nesciatfacete,</strong></span> <span class='ocrx_word' id='word_1_93' title='bbox 1345 1652 1406 1717; x_wconf 81' lang='lat' dir='ltr'><strong>cot.</strong></span> 
     </span>
     <span class='ocr_line' id='line_1_13' title="bbox 453 1734 783 1814; baseline -0.009 -17"><span class='ocrx_word' id='word_1_94' title='bbox 453 1758 503 1811; x_wconf 86' lang='lat'><strong>11,</strong></span> <span class='ocrx_word' id='word_1_95' title='bbox 524 1758 549 1796; x_wconf 90' lang='lat'><strong>1.</strong></span> <span class='ocrx_word' id='word_1_96' title='bbox 568 1738 595 1796; x_wconf 80' lang='lat' dir='ltr'><strong>h.</strong></span> <span class='ocrx_word' id='word_1_97' title='bbox 612 1755 675 1794; x_wconf 64' lang='lat' dir='ltr'><strong>nne</strong></span> <span class='ocrx_word' id='word_1_98' title='bbox 685 1734 783 1814; x_wconf 74' lang='lat' dir='ltr'><strong>fhciat.</strong></span> 
     </span>
    </p>

    <p class='ocr_par' dir='ltr' id='par_1_8' title="bbox 490 1813 1411 1900">
     <span class='ocr_line' id='line_1_14' title="bbox 490 1813 1411 1900; baseline 0 -22"><span class='ocrx_word' id='word_1_99' title='bbox 490 1813 723 1898; x_wconf 74' lang='lat' dir='ltr'><strong>Nnaaoapoptim,</strong></span> <span class='ocrx_word' id='word_1_100' title='bbox 740 1813 996 1892; x_wconf 79' lang='lat' dir='ltr'><strong>nellottopheum,</strong></span> <span class='ocrx_word' id='word_1_101' title='bbox 1011 1815 1088 1874; x_wconf 74' lang='lat' dir='ltr'><strong>vau.</strong></span> <span class='ocrx_word' id='word_1_102' title='bbox 1104 1834 1141 1900; x_wconf 71' lang='lat'><strong>3,</strong></span> <span class='ocrx_word' id='word_1_103' title='bbox 1164 1836 1208 1880; x_wconf 90' lang='lat'><strong>11.</strong></span> <span class='ocrx_word' id='word_1_104' title='bbox 1225 1815 1289 1878; x_wconf 92' lang='lat' dir='ltr'><strong>Col.</strong></span> <span class='ocrx_word' id='word_1_105' title='bbox 1307 1815 1347 1889; x_wconf 88' lang='lat'><strong>8,</strong></span> <span class='ocrx_word' id='word_1_106' title='bbox 1365 1828 1411 1900; x_wconf 66' lang='grc' dir='ltr'><strong>ις.</strong></span> 
     </span>
    </p>

    <p class='ocr_par' dir='ltr' id='par_1_9' title="bbox 450 1895 1413 2387">
     <span class='ocr_line' id='line_1_15' title="bbox 491 1895 1411 1974; baseline 0 -14"><span class='ocrx_word' id='word_1_107' title='bbox 491 1903 620 1960; x_wconf 78' lang='lat' dir='ltr'><em>Neutrum</em></span> <span class='ocrx_word' id='word_1_108' title='bbox 640 1895 746 1955; x_wconf 77' lang='lat' dir='ltr'><strong>relativi</strong></span> <span class='ocrx_word' id='word_1_109' title='bbox 760 1899 870 1956; x_wconf 80' lang='lat' dir='ltr'><strong>relatum</strong></span> <span class='ocrx_word' id='word_1_110' title='bbox 883 1901 987 1956; x_wconf 79' lang='lat' dir='ltr'><strong>adres.</strong></span> <span class='ocrx_word' id='word_1_111' title='bbox 1007 1895 1091 1959; x_wconf 81' lang='lat' dir='ltr'><strong>Vart.</strong></span> <span class='ocrx_word' id='word_1_112' title='bbox 1111 1917 1137 1969; x_wconf 89' lang='lat'><strong>1,</strong></span> <span class='ocrx_word' id='word_1_113' title='bbox 1159 1916 1191 1957; x_wconf 84' lang='lat'><strong>1:</strong></span> <span class='ocrx_word' id='word_1_114' title='bbox 1211 1897 1330 1971; x_wconf 78' lang='lat' dir='ltr'><strong>RebuS,</strong></span> <span class='ocrx_word' id='word_1_115' title='bbox 1349 1916 1411 1974; x_wconf 79' lang='lat' dir='ltr'><strong>quae</strong></span> 
     </span>
     <span class='ocr_line' id='line_1_16' title="bbox 450 1977 1411 2059; baseline -0.005 -16"><span class='ocrx_word' id='word_1_116' title='bbox 450 2001 512 2046; x_wconf 79' lang='lat' dir='ltr'><strong>non</strong></span> <span class='ocrx_word' id='word_1_117' title='bbox 529 1977 648 2038; x_wconf 82' lang='lat' dir='ltr'>arbitror</span> <span class='ocrx_word' id='word_1_118' title='bbox 666 1977 808 2053; x_wconf 82' lang='lat' dir='ltr'><strong>pertinere</strong></span> <span class='ocrx_word' id='word_1_119' title='bbox 826 1977 877 2040; x_wconf 70' lang='lat' dir='ltr'><strong>(ec.</strong></span> <span class='ocrx_word' id='word_1_120' title='bbox 898 1981 943 2039; x_wconf 85' lang='lat' dir='ltr'><strong>Ita</strong></span> <span class='ocrx_word' id='word_1_121' title='bbox 960 1979 1031 2036; x_wconf 83' lang='lat' dir='ltr'><strong>alias</strong></span> <span class='ocrx_word' id='word_1_122' title='bbox 1047 1998 1147 2059; x_wconf 68' lang='lat' dir='ltr'><strong>quoque</strong></span> <span class='ocrx_word' id='word_1_123' title='bbox 1166 1980 1259 2041; x_wconf 83' lang='lat' dir='ltr'><strong>Varro.</strong></span> <span class='ocrx_word' id='word_1_124' title='bbox 1274 1999 1308 2054; x_wconf 91' lang='lat'><strong>2,</strong></span> <span class='ocrx_word' id='word_1_125' title='bbox 1330 1998 1357 2054; x_wconf 90' lang='grc' dir='ltr'><strong>ι,</strong></span> <span class='ocrx_word' id='word_1_126' title='bbox 1374 1998 1411 2040; x_wconf 86' lang='lat' dir='ltr'><strong>ex</strong></span> 
     </span>
     <span class='ocr_line' id='line_1_17' title="bbox 450 2057 1411 2141; baseline -0.002 -17"><span class='ocrx_word' id='word_1_127' title='bbox 450 2066 486 2124; x_wconf 87' lang='lat' dir='ltr'><strong>iis</strong></span> <span class='ocrx_word' id='word_1_128' title='bbox 505 2061 609 2134; x_wconf 79' lang='lat' dir='ltr'><strong>rebus,</strong></span> <span class='ocrx_word' id='word_1_129' title='bbox 630 2077 692 2135; x_wconf 78' lang='lat' dir='ltr'><strong>qua</strong></span> <span class='ocrx_word' id='word_1_130' title='bbox 712 2058 849 2118; x_wconf 86' lang='lat' dir='ltr'><strong>inviolata</strong></span> <span class='ocrx_word' id='word_1_131' title='bbox 868 2057 944 2119; x_wconf 87' lang='lat' dir='ltr'><strong>ultro</strong></span> <span class='ocrx_word' id='word_1_132' title='bbox 957 2059 1014 2118; x_wconf 87' lang='lat' dir='ltr'><strong>fert</strong></span> <span class='ocrx_word' id='word_1_133' title='bbox 1029 2070 1112 2122; x_wconf 84' lang='lat' dir='ltr'><strong>terta.</strong></span> <span class='ocrx_word' id='word_1_134' title='bbox 1132 2062 1195 2120; x_wconf 82' lang='lat' dir='ltr'><strong>add.</strong></span> <span class='ocrx_word' id='word_1_135' title='bbox 1214 2081 1248 2135; x_wconf 87' lang='lat'><strong>1,</strong></span> <span class='ocrx_word' id='word_1_136' title='bbox 1268 2079 1313 2141; x_wconf 79' lang='lat'><strong>3¹·</strong></span> <span class='ocrx_word' id='word_1_137' title='bbox 1332 2083 1368 2134; x_wconf 84' lang='lat'><strong>2,</strong></span> <span class='ocrx_word' id='word_1_138' title='bbox 1393 2083 1411 2122; x_wconf 83' lang='lat'><em>2</em></span> 
     </span>
     <span class='ocr_line' id='line_1_18' title="bbox 451 2138 1411 2222; baseline 0.007 -25"><span class='ocrx_word' id='word_1_139' title='bbox 451 2146 479 2205; x_wconf 77' lang='lat'><strong>6·</strong></span> <span class='ocrx_word' id='word_1_140' title='bbox 513 2188 521 2203; x_wconf 89' lang='lat'><strong>.</strong></span> <span class='ocrx_word' id='word_1_141' title='bbox 539 2160 575 2222; x_wconf 79' lang='lat'><strong>3,</strong></span> <span class='ocrx_word' id='word_1_142' title='bbox 597 2160 620 2222; x_wconf 81' lang='lat'><strong>3.</strong></span> <span class='ocrx_word' id='word_1_143' title='bbox 645 2140 682 2198; x_wconf 86' lang='lat' dir='ltr'><strong>de</strong></span> <span class='ocrx_word' id='word_1_144' title='bbox 696 2138 753 2198; x_wconf 93' lang='lat' dir='ltr'><strong>hoc</strong></span> <span class='ocrx_word' id='word_1_145' title='bbox 769 2139 939 2214; x_wconf 86' lang='lat' dir='ltr'>ornithone,</span> <span class='ocrx_word' id='word_1_146' title='bbox 960 2140 1053 2216; x_wconf 91' lang='lat' dir='ltr'><strong>quod,</strong></span> <span class='ocrx_word' id='word_1_147' title='bbox 1073 2161 1108 2222; x_wconf 84' lang='lat'><strong>3,</strong></span> <span class='ocrx_word' id='word_1_148' title='bbox 1132 2158 1157 2221; x_wconf 81' lang='grc' dir='ltr'><strong>ς.</strong></span> <span class='ocrx_word' id='word_1_149' title='bbox 1171 2142 1227 2201; x_wconf 80' lang='lat' dir='ltr'><strong>uid.</strong></span> <span class='ocrx_word' id='word_1_150' title='bbox 1239 2140 1304 2202; x_wconf 77' lang='lat' dir='ltr'><strong>&#39;Res</strong></span> <span class='ocrx_word' id='word_1_151' title='bbox 1318 2143 1345 2203; x_wconf 67' lang='grc' dir='ltr'><strong>δ’</strong></span> <span class='ocrx_word' id='word_1_152' title='bbox 1358 2143 1411 2220; x_wconf 84' lang='lat' dir='ltr'><strong>Sy·</strong></span> 
     </span>
     <span class='ocr_line' id='line_1_19' title="bbox 450 2164 1413 2302; baseline -0.004 -16"><span class='ocrx_word' id='word_1_153' title='bbox 450 2164 532 2292; x_wconf 65' lang='lat' dir='ltr'><strong>mela.</strong></span> <span class='ocrx_word' id='word_1_154' title='bbox 550 2222 637 2282; x_wconf 80' lang='lat' dir='ltr'><strong>Plura</strong></span> <span class='ocrx_word' id='word_1_155' title='bbox 651 2220 683 2281; x_wconf 80' lang='lat' dir='ltr'><strong>id</strong></span> <span class='ocrx_word' id='word_1_156' title='bbox 694 2230 781 2302; x_wconf 57' lang='lat' dir='ltr'><strong>genu&amp;</strong></span> <span class='ocrx_word' id='word_1_157' title='bbox 791 2221 867 2280; x_wconf 75' lang='lat' dir='ltr'><strong>datie</strong></span> <span class='ocrx_word' id='word_1_158' title='bbox 885 2222 1006 2302; x_wconf 54' lang='lat' dir='ltr'><strong>Peripuu.</strong></span> <span class='ocrx_word' id='word_1_159' title='bbox 1023 2223 1061 2280; x_wconf 80' lang='lat' dir='ltr'><strong>ad</strong></span> <span class='ocrx_word' id='word_1_160' title='bbox 1075 2225 1167 2284; x_wconf 73' lang='lat' dir='ltr'><strong>Santi.</strong></span> <span class='ocrx_word' id='word_1_161' title='bbox 1184 2224 1304 2282; x_wconf 75' lang='lat' dir='ltr'><strong>Mtnm.</strong></span> <span class='ocrx_word' id='word_1_162' title='bbox 1323 2247 1357 2299; x_wconf 85' lang='lat'><strong>2,</strong></span> <span class='ocrx_word' id='word_1_163' title='bbox 1374 2247 1413 2302; x_wconf 85' lang='lat'><strong>9,</strong></span> 
     </span>
     <span class='ocr_line' id='line_1_20' title="bbox 450 2302 1405 2387; baseline 0.001 -25"><span class='ocrx_word' id='word_1_164' title='bbox 450 2335 479 2387; x_wconf 77' lang='lat'><strong>4.</strong></span> <span class='ocrx_word' id='word_1_165' title='bbox 499 2329 538 2382; x_wconf 79' lang='lat'><strong>4,</strong></span> <span class='ocrx_word' id='word_1_166' title='bbox 553 2327 590 2380; x_wconf 86' lang='grc'><strong>4,</strong></span> <span class='ocrx_word' id='word_1_167' title='bbox 608 2305 645 2362; x_wconf 81' lang='lat'><strong>80</strong></span> <span class='ocrx_word' id='word_1_168' title='bbox 661 2304 688 2364; x_wconf 56' lang='grc' dir='ltr'><strong>δι</strong></span> <span class='ocrx_word' id='word_1_169' title='bbox 703 2305 756 2376; x_wconf 83' lang='grc'><strong>84.</strong></span> <span class='ocrx_word' id='word_1_170' title='bbox 774 2302 884 2382; x_wconf 75' lang='lat' dir='ltr'><em>itemque</em></span> <span class='ocrx_word' id='word_1_171' title='bbox 906 2303 1009 2373; x_wconf 82' lang='lat' dir='ltr'><strong>Curtius</strong></span> <span class='ocrx_word' id='word_1_172' title='bbox 1026 2303 1071 2361; x_wconf 84' lang='lat' dir='ltr'><strong>ad.</strong></span> <span class='ocrx_word' id='word_1_173' title='bbox 1089 2304 1161 2363; x_wconf 80' lang='lat' dir='ltr'><strong>salt.</strong></span> <span class='ocrx_word' id='word_1_174' title='bbox 1179 2304 1242 2385; x_wconf 76' lang='lat' dir='ltr'><strong>Ing.</strong></span> <span class='ocrx_word' id='word_1_175' title='bbox 1263 2327 1308 2380; x_wconf 80' lang='lat'><strong>4¹·</strong></span> <span class='ocrx_word' id='word_1_176' title='bbox 1400 2307 1405 2326; x_wconf 78' lang='lat'><strong><em>⁴</em></strong></span> 
     </span>
    </p>

    <p class='ocr_par' dir='ltr' id='par_1_10' title="bbox 490 2383 1196 2462">
     <span class='ocr_line' id='line_1_21' title="bbox 490 2383 1196 2462; baseline -0.006 -14"><span class='ocrx_word' id='word_1_177' title='bbox 490 2388 578 2449; x_wconf 82' lang='lat' dir='ltr'><strong>Nexu</strong></span> <span class='ocrx_word' id='word_1_178' title='bbox 599 2384 706 2445; x_wconf 86' lang='lat' dir='ltr'><strong>civium</strong></span> <span class='ocrx_word' id='word_1_179' title='bbox 727 2384 879 2460; x_wconf 84' lang='lat' dir='ltr'><strong>occupari,</strong></span> <span class='ocrx_word' id='word_1_180' title='bbox 899 2383 962 2445; x_wconf 91' lang='lat' dir='ltr'><strong>Col.</strong></span> <span class='ocrx_word' id='word_1_181' title='bbox 981 2402 1006 2457; x_wconf 91' lang='lat'><strong>1,</strong></span> <span class='ocrx_word' id='word_1_182' title='bbox 1024 2401 1049 2462; x_wconf 82' lang='lat'><strong>3.</strong></span> <span class='ocrx_word' id='word_1_183' title='bbox 1068 2384 1124 2446; x_wconf 78' lang='lat' dir='ltr'><strong>vid.</strong></span> <span class='ocrx_word' id='word_1_184' title='bbox 1136 2383 1196 2445; x_wconf 87' lang='lat' dir='ltr'><strong>Civ.</strong></span> 
     </span>
    </p>

    <p class='ocr_par' dir='ltr' id='par_1_11' title="bbox 452 2464 1411 2627">
     <span class='ocr_line' id='line_1_22' title="bbox 490 2464 1411 2551; baseline 0.002 -23"><span class='ocrx_word' id='word_1_185' title='bbox 490 2469 547 2544; x_wconf 89' lang='lat' dir='ltr'><strong>Ni,</strong></span> <span class='ocrx_word' id='word_1_186' title='bbox 562 2488 612 2550; x_wconf 83' lang='lat' dir='ltr'><strong>pro</strong></span> <span class='ocrx_word' id='word_1_187' title='bbox 627 2485 664 2528; x_wconf 88' lang='lat' dir='ltr'><strong>ne</strong></span> <span class='ocrx_word' id='word_1_188' title='bbox 676 2466 840 2549; x_wconf 81' lang='lat' dir='ltr'><strong>prohibendi.</strong></span> <span class='ocrx_word' id='word_1_189' title='bbox 854 2465 928 2526; x_wconf 87' lang='lat' dir='ltr'><strong>Rem</strong></span> <span class='ocrx_word' id='word_1_190' title='bbox 949 2464 1078 2525; x_wconf 83' lang='lat' dir='ltr'><strong>divinam</strong></span> <span class='ocrx_word' id='word_1_191' title='bbox 1099 2465 1131 2524; x_wconf 90' lang='lat' dir='ltr'><strong>ni</strong></span> <span class='ocrx_word' id='word_1_192' title='bbox 1148 2464 1253 2540; x_wconf 84' lang='lat' dir='ltr'><strong>iaciat,</strong></span> <span class='ocrx_word' id='word_1_193' title='bbox 1269 2464 1329 2526; x_wconf 87' lang='lat' dir='ltr'><strong>Cat.</strong></span> <span class='ocrx_word' id='word_1_194' title='bbox 1345 2486 1411 2551; x_wconf 75' lang='lat'><strong>¹⁴3·</strong></span> 
     </span>
     <span class='ocr_line' id='line_1_23' title="bbox 452 2547 1351 2627; baseline -0.003 -15"><span class='ocrx_word' id='word_1_195' title='bbox 452 2554 483 2617; x_wconf 86' lang='lat' dir='ltr'><strong>ni</strong></span> <span class='ocrx_word' id='word_1_196' title='bbox 503 2551 601 2611; x_wconf 86' lang='lat' dir='ltr'><strong>calvus</strong></span> <span class='ocrx_word' id='word_1_197' title='bbox 619 2549 705 2620; x_wconf 86' lang='lat' dir='ltr'><strong>fiam,</strong></span> <span class='ocrx_word' id='word_1_198' title='bbox 722 2547 800 2607; x_wconf 88' lang='lat' dir='ltr'><strong>Varr.</strong></span> <span class='ocrx_word' id='word_1_199' title='bbox 828 2568 854 2617; x_wconf 88' lang='lat'><strong>1,</strong></span> <span class='ocrx_word' id='word_1_200' title='bbox 892 2569 920 2622; x_wconf 90' lang='lat'><strong>7.</strong></span> <span class='ocrx_word' id='word_1_201' title='bbox 929 2548 960 2609; x_wconf 86' lang='lat' dir='ltr'><strong>it.</strong></span> <span class='ocrx_word' id='word_1_202' title='bbox 981 2567 1015 2618; x_wconf 83' lang='lat'><strong>2,</strong></span> <span class='ocrx_word' id='word_1_203' title='bbox 1033 2567 1044 2606; x_wconf 85' lang='grc' dir='ltr'><strong>ι</strong></span> <span class='ocrx_word' id='word_1_204' title='bbox 1065 2548 1095 2606; x_wconf 83' lang='lat' dir='ltr'><strong>in</strong></span> <span class='ocrx_word' id='word_1_205' title='bbox 1113 2549 1263 2627; x_wconf 81' lang='lat' dir='ltr'><strong>quibusdam</strong></span> <span class='ocrx_word' id='word_1_206' title='bbox 1278 2550 1351 2609; x_wconf 83' lang='lat' dir='ltr'><strong>editt.</strong></span> 
     </span>
    </p>

    <p class='ocr_par' dir='ltr' id='par_1_12' title="bbox 448 2627 1480 2788">
     <span class='ocr_line' id='line_1_24' title="bbox 491 2627 1412 2700; baseline -0.003 -7"><span class='ocrx_word' id='word_1_207' title='bbox 491 2633 585 2693; x_wconf 87' lang='lat' dir='ltr'><strong>Nidor</strong></span> <span class='ocrx_word' id='word_1_208' title='bbox 596 2629 685 2688; x_wconf 86' lang='lat' dir='ltr'><strong>deusti</strong></span> <span class='ocrx_word' id='word_1_209' title='bbox 695 2628 819 2699; x_wconf 87' lang='lat' dir='ltr'><strong>cimicis,</strong></span> <span class='ocrx_word' id='word_1_210' title='bbox 828 2628 871 2689; x_wconf 90' lang='lat' dir='ltr'><strong>Co</strong></span> <span class='ocrx_word' id='word_1_211' title='bbox 885 2627 1029 2700; x_wconf 85' lang='lat' dir='ltr'><strong>.6,18.de</strong></span> <span class='ocrx_word' id='word_1_212' title='bbox 1048 2628 1264 2690; x_wconf 73' lang='lat' dir='ltr'><strong>etoreanimalis</strong></span> <span class='ocrx_word' id='word_1_213' title='bbox 1273 2630 1303 2690; x_wconf 91' lang='lat' dir='ltr'><strong>in</strong></span> <span class='ocrx_word' id='word_1_214' title='bbox 1313 2628 1412 2691; x_wconf 88' lang='lat' dir='ltr'><strong>oleum</strong></span> 
     </span>
     <span class='ocr_line' id='line_1_25' title="bbox 448 2706 1480 2788; baseline -0.005 -14"><span class='ocrx_word' id='word_1_215' title='bbox 448 2709 574 2788; x_wconf 78' lang='lat' dir='ltr'><strong>delapsi,</strong></span> <span class='ocrx_word' id='word_1_216' title='bbox 589 2707 657 2767; x_wconf 89' lang='lat' dir='ltr'><strong>Pali.</strong></span> <span class='ocrx_word' id='word_1_217' title='bbox 680 2728 733 2782; x_wconf 75' lang='grc' dir='ltr'><strong>ιι,</strong></span> <span class='ocrx_word' id='word_1_218' title='bbox 754 2729 801 2769; x_wconf 83' lang='lat'><strong>20.</strong></span> <span class='ocrx_word' id='word_1_219' title='bbox 1478 2706 1480 2710; x_wconf 73' lang='grc'><strong>’</strong></span> 
     </span>
    </p>

    <p class='ocr_par' dir='ltr' id='par_1_13' title="bbox 488 2786 1223 2873">
     <span class='ocr_line' id='line_1_26' title="bbox 488 2786 1223 2873; baseline 0.001 -21"><span class='ocrx_word' id='word_1_220' title='bbox 488 2788 603 2862; x_wconf 80' lang='lat' dir='ltr'><strong>Nidus,</strong></span> <span class='ocrx_word' id='word_1_221' title='bbox 618 2791 644 2849; x_wconf 82' lang='lat' dir='ltr'><strong>i.</strong></span> <span class='ocrx_word' id='word_1_222' title='bbox 662 2811 684 2846; x_wconf 88' lang='lat' dir='ltr'><strong>e.</strong></span> <span class='ocrx_word' id='word_1_223' title='bbox 697 2790 777 2847; x_wconf 80' lang='lat' dir='ltr'><strong>unius</strong></span> <span class='ocrx_word' id='word_1_224' title='bbox 790 2786 884 2868; x_wconf 77' lang='lat' dir='ltr'><strong><em>scrofa</em></strong></span> <span class='ocrx_word' id='word_1_225' title='bbox 894 2789 1050 2873; x_wconf 78' lang='lat' dir='ltr'><strong>progenies,</strong></span> <span class='ocrx_word' id='word_1_226' title='bbox 1066 2788 1129 2853; x_wconf 89' lang='lat' dir='ltr'><strong>Cul.</strong></span> <span class='ocrx_word' id='word_1_227' title='bbox 1146 2811 1177 2869; x_wconf 86' lang='lat'><strong>7,</strong></span> <span class='ocrx_word' id='word_1_228' title='bbox 1195 2813 1223 2873; x_wconf 89' lang='lat'><strong>9.</strong></span> 
     </span>
    </p>

    <p class='ocr_par' dir='ltr' id='par_1_14' title="bbox 449 2867 1411 3033">
     <span class='ocr_line' id='line_1_27' title="bbox 489 2867 1411 2951; baseline 0.001 -20"><span class='ocrx_word' id='word_1_229' title='bbox 489 2872 580 2946; x_wconf 84' lang='lat' dir='ltr'>Niger</span> <span class='ocrx_word' id='word_1_230' title='bbox 591 2867 767 2941; x_wconf 84' lang='lat' dir='ltr'>Turranius,</span> <span class='ocrx_word' id='word_1_231' title='bbox 781 2870 859 2929; x_wconf 85' lang='lat' dir='ltr'><strong>Vart.</strong></span> <span class='ocrx_word' id='word_1_232' title='bbox 874 2892 910 2944; x_wconf 88' lang='lat'><strong>2,</strong></span> <span class='ocrx_word' id='word_1_233' title='bbox 926 2870 1007 2932; x_wconf 84' lang='lat' dir='ltr'><strong>Ptaef.</strong></span> <span class='ocrx_word' id='word_1_234' title='bbox 1021 2874 1073 2951; x_wconf 83' lang='lat' dir='ltr'><strong>sed</strong></span> <span class='ocrx_word' id='word_1_235' title='bbox 1086 2891 1170 2933; x_wconf 76' lang='lat' dir='ltr'><strong>tam</strong></span> <span class='ocrx_word' id='word_1_236' title='bbox 1186 2872 1279 2950; x_wconf 22' lang='lat' dir='ltr'><strong>Niger.</strong></span> <span class='ocrx_word' id='word_1_237' title='bbox 1289 2871 1319 2932; x_wconf 89' lang='lat' dir='ltr'><strong>in</strong></span> <span class='ocrx_word' id='word_1_238' title='bbox 1331 2873 1411 2935; x_wconf 56' lang='lat' dir='ltr'><strong>Tur:</strong></span> 
     </span>
     <span class='ocr_line' id='line_1_28' title="bbox 449 2950 1131 3033; baseline -0.001 -16"><span class='ocrx_word' id='word_1_239' title='bbox 449 2953 523 3017; x_wconf 83' lang='lat' dir='ltr'><strong>tanii</strong></span> <span class='ocrx_word' id='word_1_240' title='bbox 538 2951 646 3033; x_wconf 78' lang='lat' dir='ltr'><strong>(hortos</strong></span> <span class='ocrx_word' id='word_1_241' title='bbox 662 2955 700 3011; x_wconf 82' lang='lat' dir='ltr'><strong>ad</strong></span> <span class='ocrx_word' id='word_1_242' title='bbox 711 2951 826 3027; x_wconf 79' lang='lat' dir='ltr'><strong>villam)</strong></span> <span class='ocrx_word' id='word_1_243' title='bbox 839 2950 921 3028; x_wconf 88' lang='lat' dir='ltr'><strong>abit,</strong></span> <span class='ocrx_word' id='word_1_244' title='bbox 939 2953 1017 3011; x_wconf 86' lang='lat' dir='ltr'><strong>Varr.</strong></span> <span class='ocrx_word' id='word_1_245' title='bbox 1033 2973 1067 3031; x_wconf 82' lang='lat'><strong>2,</strong></span> <span class='ocrx_word' id='word_1_246' title='bbox 1085 2973 1131 3017; x_wconf 89' lang='grc' dir='ltr'><strong>ιι.</strong></span> 
     </span>
    </p>

    <p class='ocr_par' dir='ltr' id='par_1_15' title="bbox 408 3030 1411 3198">
     <span class='ocr_line' id='line_1_29' title="bbox 490 3030 1411 3119; baseline 0.004 -25"><span class='ocrx_word' id='word_1_247' title='bbox 490 3035 644 3111; x_wconf 86' lang='lat' dir='ltr'><strong>Nigrantes</strong></span> <span class='ocrx_word' id='word_1_248' title='bbox 660 3030 753 3107; x_wconf 90' lang='lat' dir='ltr'><strong>oculi,</strong></span> <span class='ocrx_word' id='word_1_249' title='bbox 775 3032 838 3097; x_wconf 89' lang='lat' dir='ltr'><strong>Col.</strong></span> <span class='ocrx_word' id='word_1_250' title='bbox 857 3032 896 3107; x_wconf 90' lang='lat'><strong>8,</strong></span> <span class='ocrx_word' id='word_1_251' title='bbox 913 3055 941 3100; x_wconf 85' lang='lat'><strong>2.</strong></span> <span class='ocrx_word' id='word_1_252' title='bbox 958 3031 1027 3095; x_wconf 85' lang='lat' dir='ltr'><strong>Pali.</strong></span> <span class='ocrx_word' id='word_1_253' title='bbox 1041 3057 1078 3111; x_wconf 89' lang='lat'><strong>4,</strong></span> <span class='ocrx_word' id='word_1_254' title='bbox 1094 3056 1124 3119; x_wconf 89' lang='lat'><strong>9.</strong></span> <span class='ocrx_word' id='word_1_255' title='bbox 1133 3036 1276 3115; x_wconf 81' lang='lat' dir='ltr'><strong>nigrantia</strong></span> <span class='ocrx_word' id='word_1_256' title='bbox 1291 3052 1411 3111; x_wconf 71' lang='lat' dir='ltr'><strong>cornua,</strong></span> 
     </span>
     <span class='ocr_line' id='line_1_30' title="bbox 408 3113 804 3198; baseline -0.01 -17"><span class='ocrx_word' id='word_1_257' title='bbox 408 3173 412 3186; x_wconf 82' lang='grc'><strong>,</strong></span> <span class='ocrx_word' id='word_1_258' title='bbox 449 3117 527 3182; x_wconf 75' lang='lat' dir='ltr'><strong>Varr.</strong></span> <span class='ocrx_word' id='word_1_259' title='bbox 547 3138 579 3192; x_wconf 89' lang='lat'><strong>2,</strong></span> <span class='ocrx_word' id='word_1_260' title='bbox 602 3134 626 3198; x_wconf 82' lang='lat'><strong>5.</strong></span> <span class='ocrx_word' id='word_1_261' title='bbox 639 3113 756 3190; x_wconf 86' lang='lat' dir='ltr'><strong>Col.6,</strong></span> <span class='ocrx_word' id='word_1_262' title='bbox 780 3136 804 3177; x_wconf 91' lang='lat'><strong>1.</strong></span> 
     </span>
    </p>

    <p class='ocr_par' dir='ltr' id='par_1_16' title="bbox 487 3195 1023 3275">
     <span class='ocr_line' id='line_1_31' title="bbox 487 3195 1023 3275; baseline -0.007 -12"><span class='ocrx_word' id='word_1_263' title='bbox 487 3200 664 3275; x_wconf 80' lang='lat' dir='ltr'><strong>Nigruerunt</strong></span> <span class='ocrx_word' id='word_1_264' title='bbox 684 3197 799 3271; x_wconf 89' lang='lat' dir='ltr'><strong>baccae,</strong></span> <span class='ocrx_word' id='word_1_265' title='bbox 821 3195 886 3261; x_wconf 89' lang='lat' dir='ltr'><strong>Col.</strong></span> <span class='ocrx_word' id='word_1_266' title='bbox 908 3219 959 3271; x_wconf 82' lang='lat'><strong>12,</strong></span> <span class='ocrx_word' id='word_1_267' title='bbox 973 3195 1023 3274; x_wconf 88' lang='grc'><strong>48.</strong></span> 
     </span>
    </p>

    <p class='ocr_par' dir='ltr' id='par_1_17' title="bbox 446 3277 1409 3608">
     <span class='ocr_line' id='line_1_32' title="bbox 488 3277 1409 3358; baseline -0.001 -14"><span class='ocrx_word' id='word_1_268' title='bbox 488 3278 573 3344; x_wconf 88' lang='lat' dir='ltr'><strong>Nihil</strong></span> <span class='ocrx_word' id='word_1_269' title='bbox 593 3280 705 3358; x_wconf 85' lang='lat' dir='ltr'><strong>agendo</strong></span> <span class='ocrx_word' id='word_1_270' title='bbox 726 3280 802 3341; x_wconf 86' lang='lat' dir='ltr'><strong>maie</strong></span> <span class='ocrx_word' id='word_1_271' title='bbox 823 3298 908 3357; x_wconf 81' lang='lat' dir='ltr'><strong>agere</strong></span> <span class='ocrx_word' id='word_1_272' title='bbox 923 3279 1037 3341; x_wconf 86' lang='lat' dir='ltr'><strong>discunt</strong></span> <span class='ocrx_word' id='word_1_273' title='bbox 1057 3277 1207 3355; x_wconf 86' lang='lat' dir='ltr'><strong>homines,</strong></span> <span class='ocrx_word' id='word_1_274' title='bbox 1232 3280 1297 3343; x_wconf 90' lang='lat' dir='ltr'><strong>Col.</strong></span> <span class='ocrx_word' id='word_1_275' title='bbox 1321 3300 1368 3355; x_wconf 85' lang='grc' dir='ltr'><strong>ιι,</strong></span> <span class='ocrx_word' id='word_1_276' title='bbox 1384 3300 1409 3343; x_wconf 80' lang='grc' dir='ltr'><strong>ι.</strong></span> 
     </span>
     <span class='ocr_line' id='line_1_33' title="bbox 447 3358 1409 3443; baseline -0.001 -18"><span class='ocrx_word' id='word_1_277' title='bbox 447 3361 521 3425; x_wconf 87' lang='lat' dir='ltr'><strong>nihil</strong></span> <span class='ocrx_word' id='word_1_278' title='bbox 536 3362 614 3423; x_wconf 89' lang='lat' dir='ltr'><strong>enim</strong></span> <span class='ocrx_word' id='word_1_279' title='bbox 632 3361 712 3420; x_wconf 88' lang='lat' dir='ltr'><strong>aliud</strong></span> <span class='ocrx_word' id='word_1_280' title='bbox 736 3363 863 3443; x_wconf 76' lang='lat' dir='ltr'><strong>(agitur)</strong></span> <span class='ocrx_word' id='word_1_281' title='bbox 880 3380 966 3439; x_wconf 86' lang='lat' dir='ltr'><strong>quam</strong></span> <span class='ocrx_word' id='word_1_282' title='bbox 986 3358 1124 3437; x_wconf 86' lang='lat' dir='ltr'><strong>objicitur</strong></span> <span class='ocrx_word' id='word_1_283' title='bbox 1141 3364 1223 3439; x_wconf 85' lang='lat' dir='ltr'><strong>esca,</strong></span> <span class='ocrx_word' id='word_1_284' title='bbox 1242 3363 1306 3425; x_wconf 90' lang='lat' dir='ltr'><strong>Col.</strong></span> <span class='ocrx_word' id='word_1_285' title='bbox 1332 3362 1409 3443; x_wconf 87' lang='lat'><strong>8‚9.</strong></span> 
     </span>
     <span class='ocr_line' id='line_1_34' title="bbox 446 3441 1409 3523; baseline -0.002 -16"><span class='ocrx_word' id='word_1_286' title='bbox 446 3442 523 3508; x_wconf 84' lang='lat' dir='ltr'><strong>nihil</strong></span> <span class='ocrx_word' id='word_1_287' title='bbox 549 3441 670 3503; x_wconf 91' lang='lat' dir='ltr'><strong>dubium</strong></span> <span class='ocrx_word' id='word_1_288' title='bbox 690 3442 731 3501; x_wconf 88' lang='lat' dir='ltr'><strong>est</strong></span> <span class='ocrx_word' id='word_1_289' title='bbox 751 3441 850 3519; x_wconf 83' lang='lat' dir='ltr'><strong>saepius</strong></span> <span class='ocrx_word' id='word_1_290' title='bbox 875 3441 1044 3503; x_wconf 83' lang='lat' dir='ltr'><strong>translatum</strong></span> <span class='ocrx_word' id='word_1_291' title='bbox 1070 3444 1146 3519; x_wconf 82' lang='lat' dir='ltr'><strong>elie,</strong></span> <span class='ocrx_word' id='word_1_292' title='bbox 1161 3444 1223 3508; x_wconf 88' lang='lat' dir='ltr'><strong>Col.</strong></span> <span class='ocrx_word' id='word_1_293' title='bbox 1248 3463 1283 3523; x_wconf 76' lang='lat'><strong>3,</strong></span> <span class='ocrx_word' id='word_1_294' title='bbox 1305 3466 1351 3519; x_wconf 85' lang='lat'><strong>14.</strong></span> <span class='ocrx_word' id='word_1_295' title='bbox 1371 3444 1409 3519; x_wconf 90' lang='lat'><strong>6,</strong></span> 
     </span>
     <span class='ocr_line' id='line_1_35' title="bbox 448 3522 1391 3608; baseline -0.001 -20"><span class='ocrx_word' id='word_1_296' title='bbox 448 3526 497 3588; x_wconf 77' lang='lat'><strong>18.</strong></span> <span class='ocrx_word' id='word_1_297' title='bbox 516 3523 590 3585; x_wconf 90' lang='lat' dir='ltr'><strong>nihil</strong></span> <span class='ocrx_word' id='word_1_298' title='bbox 607 3522 730 3583; x_wconf 90' lang='lat' dir='ltr'><strong>dubium</strong></span> <span class='ocrx_word' id='word_1_299' title='bbox 754 3522 810 3596; x_wconf 85' lang='lat' dir='ltr'><strong>est,</strong></span> <span class='ocrx_word' id='word_1_300' title='bbox 827 3526 915 3598; x_wconf 88' lang='lat' dir='ltr'><strong>quin,</strong></span> <span class='ocrx_word' id='word_1_301' title='bbox 934 3522 997 3585; x_wconf 88' lang='lat' dir='ltr'><strong>Col.</strong></span> <span class='ocrx_word' id='word_1_302' title='bbox 1024 3543 1057 3605; x_wconf 80' lang='lat'><strong>3,</strong></span> <span class='ocrx_word' id='word_1_303' title='bbox 1073 3546 1101 3605; x_wconf 93' lang='lat'><strong>9.</strong></span> <span class='ocrx_word' id='word_1_304' title='bbox 1120 3545 1180 3608; x_wconf 82' lang='lat'><strong>5,3</strong></span> <span class='ocrx_word' id='word_1_305' title='bbox 1197 3526 1268 3606; x_wconf 62' lang='grc' dir='ltr'><strong>ὣς.</strong></span> <span class='ocrx_word' id='word_1_306' title='bbox 1289 3547 1342 3602; x_wconf 86' lang='lat'><strong>12,</strong></span> <span class='ocrx_word' id='word_1_307' title='bbox 1364 3545 1391 3586; x_wconf 87' lang='lat'><strong>2.</strong></span> 
     </span>
    </p>

    <p class='ocr_par' dir='ltr' id='par_1_18' title="bbox 487 3603 1243 3686">
     <span class='ocr_line' id='line_1_36' title="bbox 487 3603 1243 3686; baseline -0.004 -18"><span class='ocrx_word' id='word_1_308' title='bbox 487 3605 611 3669; x_wconf 85' lang='lat' dir='ltr'><strong>Nimbus</strong></span> <span class='ocrx_word' id='word_1_309' title='bbox 630 3603 731 3663; x_wconf 85' lang='lat' dir='ltr'><strong>arbore</strong></span> <span class='ocrx_word' id='word_1_310' title='bbox 752 3603 866 3665; x_wconf 80' lang='lat' dir='ltr'><strong>deculia</strong></span> <span class='ocrx_word' id='word_1_311' title='bbox 885 3606 1004 3682; x_wconf 83' lang='lat' dir='ltr'><strong>pluens,</strong></span> <span class='ocrx_word' id='word_1_312' title='bbox 1025 3607 1089 3666; x_wconf 91' lang='lat' dir='ltr'><strong>Coi.</strong></span> <span class='ocrx_word' id='word_1_313' title='bbox 1107 3626 1157 3681; x_wconf 86' lang='lat'><strong>10,</strong></span> <span class='ocrx_word' id='word_1_314' title='bbox 1178 3608 1243 3686; x_wconf 79' lang='lat'><strong>364.</strong></span> 
     </span>
    </p>

    <p class='ocr_par' dir='ltr' id='par_1_19' title="bbox 443 3684 1408 4011">
     <span class='ocr_line' id='line_1_37' title="bbox 486 3684 1406 3765; baseline -0.004 -14"><span class='ocrx_word' id='word_1_315' title='bbox 486 3686 637 3752; x_wconf 83' lang='lat' dir='ltr'><strong>Nimietuti</strong></span> <span class='ocrx_word' id='word_1_316' title='bbox 655 3684 788 3745; x_wconf 74' lang='lat' dir='ltr'><strong>siccitatis</strong></span> <span class='ocrx_word' id='word_1_317' title='bbox 804 3686 893 3746; x_wconf 86' lang='lat' dir='ltr'><strong>debet</strong></span> <span class='ocrx_word' id='word_1_318' title='bbox 911 3687 1018 3765; x_wconf 84' lang='lat' dir='ltr'><strong>aliquid</strong></span> <span class='ocrx_word' id='word_1_319' title='bbox 1035 3687 1164 3749; x_wconf 82' lang='lat' dir='ltr'><strong>humoris</strong></span> <span class='ocrx_word' id='word_1_320' title='bbox 1187 3690 1317 3764; x_wconf 90' lang='lat' dir='ltr'><strong>opponi,</strong></span> <span class='ocrx_word' id='word_1_321' title='bbox 1338 3684 1406 3747; x_wconf 85' lang='lat' dir='ltr'><strong>Pali.</strong></span> 
     </span>
     <span class='ocr_line' id='line_1_38' title="bbox 443 3765 1407 3847; baseline -0.003 -18"><span class='ocrx_word' id='word_1_322' title='bbox 443 3780 484 3847; x_wconf 78' lang='lat'><strong>&#39;4,</strong></span> <span class='ocrx_word' id='word_1_323' title='bbox 502 3791 548 3831; x_wconf 89' lang='lat'><strong>10.</strong></span> <span class='ocrx_word' id='word_1_324' title='bbox 566 3768 745 3828; x_wconf 83' lang='lat' dir='ltr'><strong>nimietatem</strong></span> <span class='ocrx_word' id='word_1_325' title='bbox 774 3765 917 3842; x_wconf 80' lang='lat' dir='ltr'><strong>sanguinis</strong></span> <span class='ocrx_word' id='word_1_326' title='bbox 941 3768 1092 3844; x_wconf 84' lang='lat' dir='ltr'><strong>prohibet,</strong></span> <span class='ocrx_word' id='word_1_327' title='bbox 1114 3767 1185 3830; x_wconf 89' lang='lat' dir='ltr'><strong>Pall.</strong></span> <span class='ocrx_word' id='word_1_328' title='bbox 1203 3770 1238 3844; x_wconf 90' lang='lat'><strong>6,</strong></span> <span class='ocrx_word' id='word_1_329' title='bbox 1256 3790 1286 3846; x_wconf 93' lang='lat'><strong>7.</strong></span> <span class='ocrx_word' id='word_1_330' title='bbox 1306 3767 1407 3827; x_wconf 87' lang='lat' dir='ltr'><strong>nimie·</strong></span> 
     </span>
     <span class='ocr_line' id='line_1_39' title="bbox 443 3846 1408 3929; baseline -0.004 -18"><span class='ocrx_word' id='word_1_331' title='bbox 443 3864 505 3912; x_wconf 82' lang='lat' dir='ltr'><strong>tate</strong></span> <span class='ocrx_word' id='word_1_332' title='bbox 522 3848 620 3929; x_wconf 87' lang='lat' dir='ltr'><strong>pabuli</strong></span> <span class='ocrx_word' id='word_1_333' title='bbox 636 3847 805 3926; x_wconf 74' lang='lat' dir='ltr'><strong>iastiviunt,</strong></span> <span class='ocrx_word' id='word_1_334' title='bbox 824 3846 887 3907; x_wconf 88' lang='lat' dir='ltr'><strong>Col.</strong></span> <span class='ocrx_word' id='word_1_335' title='bbox 910 3849 946 3922; x_wconf 90' lang='lat'><strong>6,</strong></span> <span class='ocrx_word' id='word_1_336' title='bbox 966 3870 1013 3923; x_wconf 86' lang='lat'><strong>24.</strong></span> <span class='ocrx_word' id='word_1_337' title='bbox 1031 3853 1107 3911; x_wconf 85' lang='lat' dir='ltr'><strong>inter</strong></span> <span class='ocrx_word' id='word_1_338' title='bbox 1124 3868 1226 3911; x_wconf 79' lang='lat' dir='ltr'><strong>omnes</strong></span> <span class='ocrx_word' id='word_1_339' title='bbox 1247 3849 1408 3911; x_wconf 68' lang='lat' dir='ltr'><strong>nimietates</strong></span> 
     </span>
     <span class='ocr_line' id='line_1_40' title="bbox 444 3926 1038 4011; baseline 0 -20"><span class='ocrx_word' id='word_1_340' title='bbox 444 3942 705 4008; x_wconf 83' lang='lat' dir='ltr'><strong>temperamentum</strong></span> <span class='ocrx_word' id='word_1_341' title='bbox 722 3943 837 4001; x_wconf 86' lang='lat' dir='ltr'><strong>tenere,</strong></span> <span class='ocrx_word' id='word_1_342' title='bbox 851 3926 920 3990; x_wconf 86' lang='lat' dir='ltr'><strong>Pall.</strong></span> <span class='ocrx_word' id='word_1_343' title='bbox 935 3951 969 4003; x_wconf 87' lang='lat'><strong>2,</strong></span> <span class='ocrx_word' id='word_1_344' title='bbox 993 3929 1038 4011; x_wconf 61' lang='grc' dir='ltr'><strong>ις’.</strong></span> 
     </span>
    </p>

    <p class='ocr_par' dir='ltr' id='par_1_20' title="bbox 485 4010 1255 4089">
     <span class='ocr_line' id='line_1_41' title="bbox 485 4010 1255 4089; baseline 0.003 -17"><span class='ocrx_word' id='word_1_345' title='bbox 485 4012 610 4075; x_wconf 77' lang='lat' dir='ltr'><strong>Nimius.</strong></span> <span class='ocrx_word' id='word_1_346' title='bbox 627 4013 717 4074; x_wconf 88' lang='lat' dir='ltr'><strong>nimia</strong></span> <span class='ocrx_word' id='word_1_347' title='bbox 735 4010 893 4073; x_wconf 77' lang='lat' dir='ltr'><strong>admodum</strong></span> <span class='ocrx_word' id='word_1_348' title='bbox 913 4010 1045 4087; x_wconf 83' lang='lat' dir='ltr'><strong>ubertas,</strong></span> <span class='ocrx_word' id='word_1_349' title='bbox 1063 4011 1127 4076; x_wconf 88' lang='lat' dir='ltr'><strong>Col.</strong></span> <span class='ocrx_word' id='word_1_350' title='bbox 1146 4035 1185 4089; x_wconf 97' lang='grc'><strong>4,</strong></span> <span class='ocrx_word' id='word_1_351' title='bbox 1207 4035 1255 4077; x_wconf 86' lang='lat'><strong>21.</strong></span> 
     </span>
    </p>

    <p class='ocr_par' dir='ltr' id='par_1_21' title="bbox 484 4091 1408 4176">
     <span class='ocr_line' id='line_1_42' title="bbox 484 4091 1408 4176; baseline -0.003 -19"><span class='ocrx_word' id='word_1_352' title='bbox 484 4091 561 4170; x_wconf 78' lang='lat' dir='ltr'><strong>nn,</strong></span> <span class='ocrx_word' id='word_1_353' title='bbox 571 4116 620 4175; x_wconf 82' lang='lat' dir='ltr'><strong>pm</strong></span> <span class='ocrx_word' id='word_1_354' title='bbox 634 4094 693 4157; x_wconf 85' lang='lat' dir='ltr'><strong>sed.</strong></span> <span class='ocrx_word' id='word_1_355' title='bbox 710 4093 763 4157; x_wconf 77' lang='lat' dir='ltr'><strong>nisi</strong></span> <span class='ocrx_word' id='word_1_356' title='bbox 779 4110 915 4171; x_wconf 85' lang='lat' dir='ltr'><strong>tauquam</strong></span> <span class='ocrx_word' id='word_1_357' title='bbox 929 4092 1049 4176; x_wconf 75' lang='lat' dir='ltr'><strong>allium,</strong></span> <span class='ocrx_word' id='word_1_358' title='bbox 1064 4094 1127 4163; x_wconf 84' lang='lat' dir='ltr'><strong>Cat.</strong></span> <span class='ocrx_word' id='word_1_359' title='bbox 1137 4096 1247 4175; x_wconf 83' lang='lat' dir='ltr'><strong>48.·lta</strong></span> <span class='ocrx_word' id='word_1_360' title='bbox 1263 4093 1315 4159; x_wconf 82' lang='lat' dir='ltr'><strong>uifi</strong></span> <span class='ocrx_word' id='word_1_361' title='bbox 1328 4093 1408 4174; x_wconf 82' lang='lat' dir='ltr'><strong>prim</strong></span> 
     </span>
    </p>
   </div>
   <div class='ocr_carea' id='block_1_4' title="bbox 0 0 1718 5075">
    <p class='ocr_par' dir='ltr' id='par_1_22' title="bbox 0 0 1718 5075">
     <span class='ocr_line' id='line_1_43' title="bbox 0 0 1718 5075; baseline 0 0"><span class='ocrx_word' id='word_1_362' title='bbox 0 0 1718 5075; x_wconf 95' lang='lat' dir='ltr'><strong> </strong></span> 
     </span>
    </p>
   </div>
  </div>
 </body>
</html>
