3425 5075
457 535 1192 663 'rusrrcvm‘

368 729 478 791 genere
501 711 679 773 exciderunt.
709 688 927 789 Sed'eriamipse
944 715 987 771 M.
1008 717 1093 773 Varro
1114 713 1194 793 hujus
1212 713 1249 773 rei
1263 715 1331 795 restis
1358 704 1361 718 ¹

370 797 412 873 est
428 795 454 851 in
470 793 519 852 ΙΧ
535 793 581 851 lib.
602 795 633 851 de
648 793 865 870 linguaLarirza:
882 794 970 869 Quod
987 793 1091 853 dicitur
1108 814 1124 854 a
1140 794 1237 854 multis
1258 797 1333 855 duo-

371 870 639 1017 ἓῗέἀᾜέἱίεὲιῖῐίἓ
655 872 893 1015 [glapcffiifiuqurrffi
915 875 971 991 ho?
990 875 1198 953 Dupondium:
1224 890 1255 937 ut
1275 874 1333 936 hoc

522 999 529 1028 ,
777 1003 783 1014 .
893 998 899 1013 .

415 1035 513 1097 claeba
541 1034 620 1094 uberi
644 1053 726 1112 ager,
750 1033 813 1097 Col.
835 1058 862 1106 ι,
882 1057 908 1093 2.
929 1034 1025 1110 glaebae
1043 1035 1194 1112 probatio,
1213 1035 1275 1099 col.
1298 1020 1343 1113 2,

373 1139 400 1178 2.
419 1119 464 1177 De
488 1116 672 1196 orthographia
696 1117 744 1176 lac
770 1117 865 1176 Vilior.
890 1117 927 1172 ad
952 1117 1029 1175 Varr.
1055 1143 1075 1190 r,
1098 1145 1140 1198 27.
1161 1142 1239 1201 quam
1256 1136 1332 1179 tauro
1456 1129 1464 1139 '

372 1200 457 1298 magis
471 1199 621 1275 servamus,
638 1217 694 1255 rum
707 1196 813 1277 placeat
834 1197 913 1254 etiam
936 1197 1074 1258 Manurio.

414 1275 749 1429 (Gjlffricllliilffillafffil.
774 1376 798 1418 1.
816 1356 893 1415 Varr.
912 1378 938 1430 r,
955 1380 985 1436 7.

414 1439 584 1502 Glandilera
603 1435 721 1514 robora,
741 1435 805 1499 Col.
824 1459 852 1518 9,
871 1461 898 1512 4.

413 1519 565 1584 Glandulis
597 1518 678 1595 spilla
706 1518 803 1580 cervix
822 1520 921 1592 verris,
938 1517 1007 1581 Pall.
1028 1539 1065 1602 3,
1090 1522 1138 1586 26.
1153 1520 1170 1552 ⁴⁸
1189 1520 1332 1600 glandule
1419 1578 1423 1585 .

377 1601 547 1666 animalibus
565 1600 709 1674 molestae,
733 1602 802 1677 Veg.
818 1620 846 1672 2,
865 1623 913 1675 24.

414 1681 589 1746 Glandulosa
605 1685 717 1755 cervix,
736 1679 799 1743 Col.
816 1701 846 1758 7,
867 1703 896 1762 9.

413 1765 512 1827 Glans.
539 1762 664 1826 Glandes
689 1781 837 1841 querneae,
864 1762 1000 1839 iligneae,
1025 1782 1143 1841 cerreae,
1169 1764 1232 1828 Col.
1250 1788 1288 1847 9,
1309 1789 1335 1829 r.

376 1846 489 1926 quando
507 1844 692 1923 colligendae,
712 1841 779 1907 Pall.
793 1863 840 1915 12,
864 1864 909 1919 ¹4·
925 1845 1055 1906 ‘cisternis
1069 1848 1211 1924 inaquam
1230 1866 1335 1907 recorr-

377 1928 495 2000 denrlae,
523 1925 585 1988 col.
601 1948 632 2006 7,
648 1949 676 2008 9.
695 1928 766 1986 citra
783 1925 941 1988 satietatem
964 1927 1032 1988 data
1058 1926 1139 2005 glans
1157 1942 1260 2002 nocet,
1275 1947 1334 1988 non
1361 1928 1365 1936 ’

374 2012 447 2069 item
464 2008 483 2068 [ι
498 2006 605 2068 affatim
628 2008 805 2091 praebeatur‚
827 2006 890 2069 Col.
910 2030 940 2088 7,
958 2010 985 2073 6.
1004 2027 1041 2069 ne
1065 2009 1206 2072 scabiosos
1233 2011 1334 2072 reddat

377 2091 486 2159 boves,
504 2088 566 2149 Col.
581 2091 610 2162 6,
628 2109 652 2170 3.
671 2110 718 2160 ιι,
731 2111 757 2149 2.
1123 2144 1127 2150 .

414 2169 518 2233 Glante
538 2170 647 2244 ferreo,
667 2171 736 2248 Veg.
753 2193 782 2252 3,
808 2167 852 2229 18.
870 2192 918 2249 pro
929 2169 1013 2250 βίω.
1167 2195 1173 2251 1

414 2252 517 2314 Glarea
539 2265 649 2312 terreno
666 2270 766 2313 carens
785 2253 812 2312 ἂ
830 2252 926 2324 nuda,
943 2251 1005 2312 Col.
1027 2277 1058 2330 4,
1079 2277 1126 2317 22.
1245 2267 1246 2271 ’

415 2331 548 2395 Glareosa
565 2332 651 2404 loce,
672 2332 736 2394 Col.
759 2355 785 2405 2,
803 2351 846 2392 ιο.

415 2413 541 2476 Glaucea
560 2413 643 2474 succo
663 2414 785 2483 salubri,
807 2411 872 2473 Col.
892 2431 937 2486 10,
962 2432 1026 2494 ¹03·

414 2494 590 2557 Glaucinum
610 2495 723 2571 oleum,
742 2496 811 2572 Veg.
831 2516 863 2576 3,
876 2491 921 2557 28.
938 2513 967 2568 4,
987 2515 1035 2556 22.
1053 2495 1087 2574 es!
1105 2494 1196 2577 potius
1215 2494 1335 2565 Gleuciq

377 2597 464 2647 num,
484 2581 582 2654 dequo
594 2578 689 2656 statim.

413 2657 454 2717 ad
475 2655 663 2718 Glaucomata
681 2668 771 2719 vetera
801 2654 938 2732 collyria,
956 2655 1026 2735 Veg.
1049 2679 1079 2733 4,
1095 2678 1143 2735 27.

414 2736 602 2801 Glechonlres
619 2739 735 2810 vinum,
757 2737 821 2801 Col.
848 2758 894 2813 12,
914 2756 958 2817 35.
970 2760 1003 2798 ex
1020 2741 1141 2820 pulegio,
1158 2746 1229 2822 quod
1249 2742 1335 2803 Graeci

376 2817 524 2902 γλήχωνι
540 2840 644 2883 vocant.
668 2823 732 2882 Vide
748 2822 910 2897 Geoponicos
927 2822 958 2894 8,
979 2848 1005 2900 7.
1027 2824 1148 2903 Sclroettg.
1411 2888 1413 2892 f

417 2899 587 2962 Gleucinurn
614 2901 731 2974 oleum,
754 2900 815 2961 Col.
846 2921 891 2975 12,
912 2921 956 2984 51.
981 2904 1023 2962 Ita
1039 2905 1116 2961 eriam
1134 2905 1266 2985 legendum
1283 2927 1334 2983 pro

379 2978 518 3042 Glaucino
537 2982 644 3063 Vegeu'i.
662 2984 713 3042 Ad
726 2979 837 3042 Fa'brum
852 2983 1007 3060 sementiam
1024 2983 1140 3043 diximus
1156 3002 1247 3065 confra
1262 2987 1336 3043 Scri·

377 3063 489 3133 verim,
511 3062 555 3142 qui
569 3065 606 3122 ad
621 3062 743 3124 Maniai.
758 3086 788 3140 9,
807 3073 859 3134 26,
877 3085 905 3142 p.
923 3070 997 3137 796,
1015 3063 1186 3142 Glaucinum
1207 3064 1258 3141 legi
1275 3064 1335 3131 vult

377 3143 627 3214 eriamapudPlin.
649 3167 700 3219 r5,
727 3146 881 3223 7,&23,
899 3151 949 3215 46.
1227 3213 1230 3217 ³

418 3222 563 3298 Glicium,
578 3223 647 3301 Veg.
661 3249 697 3299 4,
710 3224 757 3286 28.
774 3227 838 3304 quid
847 3224 904 3300 fit,
919 3241 972 3281 non
988 3220 1076 3300 liquet.
1084 3221 1235 3300 suspicatus
1249 3240 1335 3283 tamen

371 3305 433 3383 sum
447 3300 585 3379 Lycium,
600 3309 678 3381 quode
683 3305 754 3364 vide.

417 3381 491 3522 Gli&
517 3375 555 3443 de
576 3382 693 3462 gliribus
711 3388 739 3447 &
756 3380 889 3463 glirario,
904 3382 982 3443 Varr.
1013 3400 1040 3462 3,
1064 3399 1109 3465 ¹5·
1136 3378 1250 3459 glirium
1268 3402 1336 3461 gre-

378 3482 444 3541 ges,
489 3482 541 3524 arr.
576 3485 627 3538 ‚2.
916 3532 919 3542 ¹
1410 3498 1412 3502 ·

414 3541 515 3605 Gliscit
535 3482 654 3606 stgrcore
671 3546 748 3623 quali
767 3545 874 3623 pabulo
893 3556 987 3619 terra,
1004 3542 1066 3606 Col.
1088 3567 1116 3618 2,
1139 3565 1164 3627 5.
1180 3544 1267 3623 paleis
1285 3544 1337 3606 asr-

377 3642 444 3699 nu8‚
463 3622 528 3686 Col.
548 3646 580 3701 7,
597 3648 627 3701 7.
645 3626 815 3702 difficulter,
832 3624 895 3690 Col.
917 3625 947 3700 8,
964 3648 992 3707 9.
1010 3628 1149 3707 inquibus
1166 3629 1284 3688 omnibus
1301 3626 1336 3705 est

376 3705 571 3783 pinguescere.
593 3707 684 3769 Glires
702 3711 762 3769 inde
773 3712 873 3786 dietas,
891 3710 918 3770 (ι
935 3706 1068 3788 glisceras
1085 3706 1211 3786 mensas,
1222 3709 1336 3791 &opimas

380 3789 522 3861 (elautus,
535 3787 652 3864 observat
665 3790 788 3852 Beroald.

415 3864 533 3927 Globosr
556 3869 699 3945 corporis,
719 3870 783 3934 Col.
804 3891 850 3945 ιο,
870 3871 936 3953 383.

417 3944 533 4008 Globuli
549 3962 581 4009 ut
603 3948 689 4022 fiant,
706 3950 766 4038 Qat.
782 3973 831 4032 79.

420 4007 991 4115 mmmmmmm(
