3425 5075
575 529 1220 669 ‚uexrcosslu

535 755 671 816 Defluunt
696 750 753 811 olla
781 768 868 811 carne
885 751 1062 831 liquefadla‚
1088 755 1157 836 Veg.
1176 712 1215 833 41,
1240 755 1269 819 8.
1290 755 1450 819 defluentes

493 837 656 898 maturitate
674 852 754 906 uve,
770 830 838 894 Pell.
859 853 912 908 ιο,
932 854 975 913 17.
1288 850 1291 855 ·

529 927 662 999 neruis,
682 927 857 1007 extrinsecus,
877 924 953 1003 Veg‚
972 945 1004 1001 1,
1022 948 1041 1010 9
1061 930 1088 988 de
1110 946 1154 1010 15.
1175 951 1203 1005 2,
1226 950 1271 1013 ις.
1320 911 1322 916 .

493 1029 496 1035 '
527 1018 759 1095 Deformatusad
770 1015 876 1080 tabulae
894 1017 1034 1096 speciem,
1049 1019 1127 1082 Varr.
1146 1042 1176 1104 3,
1192 1041 1215 1104 ς.
1232 1026 1289 1086 vid.
1304 1023 1447 1086 deformo.

528 1113 677 1175 Deformo.
693 1112 871 1175 deformabit
891 1131 990 1188 areas,
1000 1114 1062 1176 Cat.
1078 1115 1142 1176 161.
1157 1118 1288 1178 Norauda
1303 1120 1449 1201 infrequens

487 1197 559 1256 derbi
579 1194 743 1257 deformare
755 1195 845 1266 notio,
862 1215 909 1270 pro
924 1214 953 1253 eo
972 1197 1043 1274 quod
1056 1200 1091 1278 est
1106 1197 1260 1258 delineare.
1283 1201 1367 1262 Varro
1381 1222 1448 1280 quo·

486 1300 536 1359 que
555 1277 594 1337 ira
611 1275 750 1357 usrerpevr'r
759 1303 787 1357 3,
806 1299 833 1350 5.
847 1276 951 1335 Vieruu·
965 1277 1012 1335 rib.
1035 1301 1055 1349 r,
1073 1300 1095 1338 e.
1111 1303 1139 1341 r:
1157 1278 1272 1340 Deinde
1290 1280 1448 1358 graphidos

488 1359 639 1420 scientiam
664 1355 772 1418 habere
788 1356 942 1438 (oportet)
963 1376 1020 1433 quo
1039 1357 1151 1421 facilius
1170 1359 1384 1437 exemplaribus
1403 1362 1448 1440 pi-

489 1441 561 1512 stis,
579 1459 665 1515 quarn
688 1438 757 1498 velit
775 1438 870 1515 operis
892 1436 1017 1515 speciem
1044 1439 1204 1502 deformare
1227 1440 1329 1504 valeat.
1346 1446 1386 1503 Ee
1401 1445 1448 1503 lib.
1478 1474 1480 1479 ·

489 1545 519 1597 5,
528 1543 551 1581 e.
565 1524 601 1580 8.-
618 1518 731 1580 Horum
750 1532 847 1580 autem
862 1532 978 1579 ornatus
997 1519 1063 1581 sunt
1079 1521 1152 1582 inter
1164 1520 1191 1583 fe
1207 1519 1371 1595 diffinies,
1391 1524 1447 1585 dif-

489 1601 607 1679 parique
634 1603 765 1672 ratione,
795 1600 875 1677 quod
906 1600 1035 1678 Tragicae
1065 1602 1263 1665 deformantur
1283 1604 1450 1680 columnia,

489 1682 605 1759 fastigiis
628 1682 765 1760 &lignis‚
784 1679 953 1767 reliquisque
970 1681 1123 1761 regalibus.
1149 1685 1248 1790 Meliss
1298 1750 1301 1755 ,

528 1772 672 1835 Defricata
688 1772 785 1848 dolia,
803 1771 865 1834 Col.
887 1781 944 1847 ιι,
963 1795 988 1834 2.
1004 1777 1058 1836 vid.
1078 1775 1229 1838 Defrrdus.

528 1867 673 1927 Defricare
697 1865 839 1939 radicem,
859 1863 922 1928 Col.
948 1862 1011 1938 12,¹
1024 1865 1068 1946 56.
1087 1885 1162 1944 aqua
1189 1868 1313 1948 frigida,
1338 1860 1401 1932 Col.
1416 1871 1445 1942 6,

491 1967 537 2022 14.
556 1950 637 2006 urina
657 1946 790 2020 vulnera,
803 1944 868 2008 cor.
889 1948 926 2019 6,
942 1967 970 2026 7.
992 1945 1162 2012 defricanda
1179 1950 1308 2027 quotidie
1326 1970 1448 2037 cqrpora

489 2028 634 2106 pecudum
652 2039 684 2087 ut
700 2027 863 2102 honinem,
883 2025 948 2088 Col.
967 2028 1004 2099 6,
1028 2045 1074 2107 30.
1262 2034 1265 2040 '
1401 2024 1412 2051 ⁹

528 2118 655 2180 Defricla
676 2118 870 2180 redulceratur
889 2119 981 2191 curie,
1000 2118 1063 2182 Col.
1080 2142 1111 2201 7,
1133 2139 1157 2204 5.
1174 2121 1296 2186 defrielo
1316 2123 1386 2185 allio
1399 2143 1448 2185 ex·

487 2210 623 2263 tenuatur
641 2188 767 2275 scabies,
784 2199 846 2262 Col.
868 2201 907 2272 6,
927 2221 972 2283 ¹3·

466 2330 469 2335 .
527 2281 697 2358 Defrigefcit
715 2284 850 2355 coelura,
871 2279 935 2342 col.
958 2302 1010 2356 12,
1029 2284 1235 2360 zudenruit,
1254 2285 1446 2358 col.12‚.21.

527 2363 696 2440 Defringere
711 2362 841 2439 collum,
859 2362 922 2426 Cat.
936 2361 983 2423 88.

526 2463 565 2505 ne
590 2444 732 2506 Defrodet
750 2438 897 2522 segetem‚'
917 2443 980 2508 Cat.
1007 2464 1032 2528 5.
1057 2447 1105 2507 An
1127 2447 1276 2526 deneget,
1289 2450 1323 2509 ἰ’.
1343 2471 1365 2510 e.
1384 2451 1447 2531 fru-

484 2528 564 2613 gibus
577 2528 688 2609 spolier,
706 2529 777 2606 quod
799 2527 878 2587 eriam
904 2530 1058 2587 excantare
1078 2526 1174 2607 fruges
1193 2532 1265 2592 Plio.
1295 2529 1346 2603 18,
1361 2556 1401 2605 α,
1420 2536 1448 2595 6·

493 2615 566 2690 Vug.
583 2609 645 2669 Eel.
666 2610 687 2667 8
703 2608 775 2667 satas
794 2608 851 2668 alio
869 2608 1019 2669 traducere
1037 2610 1144 2671 melleo.
1161 2614 1236 2691 Syre.
1252 2615 1294 2671 cui
1306 2615 1391 2693 nescio
1409 2637 1447 2674 arr

488 2691 589 2768 aliquis
607 2687 753 2769 affinsrrrus
762 2691 808 2766 fit.
825 2691 916 2752 Multo
938 2691 1031 2749 meiius
1053 2692 1094 2753 CI.
1111 2694 1280 2753 Faeiiolarus
1291 2697 1387 2771 probat
1399 2695 1447 2755 'se-

489 2786 587 2847 getem
610 2787 647 2828 ne
668 2768 819 2845 defrudet,
840 2772 866 2830 l.
887 2794 908 2831 e.
926 2792 957 2830 rte
977 2772 1042 2851 quid
1056 2776 1088 2831 de
1101 2776 1198 2853 semine
1209 2773 1320 2852 fieretur.
1340 2771 1447 2836 De'ftu-

489 2852 557 2912 dare
574 2851 687 2925 vinum,
705 2850 766 2912 Cat.
791 2873 836 2928 24.
864 2855 959 2931 Urstno
978 2854 1111 2933 legendum
1131 2855 1265 2913 viu'eberur
1281 2855 1447 2926 defrutare:

486 2932 710 3011 menendum,
728 2938 851 3012 quamuis
868 2950 998 3014 rereprea
1018 2934 1179 3013 Maesta&
1190 2936 1308 3012 Poena,
1326 2934 1447 3002 nonau-

481 3018 532 3097 fim
553 3019 673 3076 accedere.
694 3016 786 3098 Neque
808 3016 875 3075 enim
896 3018 939 3075 irie
960 3018 990 3075 de
1009 3016 1083 3074 uiuis
1104 3016 1282 3075 defrutandis
1293 3019 1380 3096 sermo
1396 3023 1447 3100 est,

489 3096 563 3157 nulle
573 3096 700 3179 fiquidem
719 3097 843 3157 rollionis
867 3099 968 3159 mentio.
983 3098 1154 3159 'crediderim
1171 3096 1262 3181 parius
1287 3096 1447 3161 defrudare

488 3179 590 3239 vinum
611 3178 658 3259 effe
682 3179 847 3253 edecimare,
873 3176 1068 3254 καπηλεύειν,
1092 3180 1138 3239 vel
1161 3180 1298 3260 honestiore
1323 3184 1402 3240 verbo
1420 3179 1468 3242 θ’

491 3262 637 3322 Catoniana
663 3260 851 3336 concinnare,
869 3263 898 3322 it.
913 3285 936 3324 e.
953 3264 1066 3322 alienum
1078 3265 1101 3322 ei
1109 3265 1228 3343 saporem
1244 3261 1401 3335 conciliare,
1419 3262 1447 3322 fe

488 3341 528 3401 ira
544 3343 675 3422 gustantes
690 3341 846 3424 decipere&
867 3342 1030 3422 defraudare.
1055 3346 1158 3422 Quidni
1183 3341 1357 3404 defrudandi
1385 3366 1448 3403 vore

489 3440 578 3481 utatur
598 3421 679 3497 Cato}
696 3443 753 3483 erem
771 3423 817 3504 sui
836 3423 918 3503 seculi
939 3425 1007 3484 alter
1028 3426 1095 3483 curo
1113 3424 1225 3504 Plinius
1248 3446 1298 3497 14,
1319 3447 1372 3499 20,
1387 3427 1449 3506 pofl

488 3519 638 3564 enumerare
653 3501 792 3564 conditura
805 3525 917 3585 genere,
932 3503 1011 3575 Tot,
1030 3503 1149 3579 inquiet,
1166 3501 1312 3565 veneficiis
1333 3503 1447 3581 placere
1470 3573 1474 3588 ⁹

489 3584 620 3661 cogitur:
641 3586 817 3646 &miramur
833 3585 955 3644 noxium
971 3582 1035 3643 elle.
1057 3587 1169 3643 ceterum
1179 3585 1264 3664 neseio
1281 3588 1357 3665 quis,
1373 3590 1449 3667 Pop·
1470 3593 1472 3598 '

489 3687 558 3726 marre
573 3663 602 3723 fe
618 3669 891 3806 Meurfiumhecurus,
906 3665 935 3724 in
949 3664 1083 3723 fabriano
1103 3667 1222 3744 riesauro
1238 3668 1387 3745 adseripfir‚
1407 3687 1449 3727 te-

490 3746 563 3808 stius
580 3746 744 3809 defrutabis.
795 3746 839 3806 alo
854 3746 902 3804 hoc
911 3745 965 3826 ipse
982 3766 1080 3802 monere
1089 3791 1098 3816 ,
1115 3769 1191 3826 quem
1205 3748 1252 3827 usu
1267 3748 1329 3805 milri
1343 3749 1447 3822 ¹uenire,

488 3832 559 3908 quod
575 3831 607 3889 de
632 3831 755 3912 Didymo
773 3825 952 3887 Grammatico
976 3844 1116 3901 narratur,
1137 3849 1193 3887 cum
1212 3829 1320 3908 historie
1338 3832 1448 3888 cuidam

371 3917 374 3924 “
489 3929 519 3968 rer
533 3932 607 3970 uarie
623 3926 790 3994 repugnaret,
808 3929 841 3967 ex
857 3909 936 3988 ipfius
960 3907 1026 3967 libro
1049 3929 1104 3966 eam
1115 3910 1252 3987 prolatare
1262 3908 1327 3988 effe.
1343 3913 1447 3989 Quam.

489 4012 565 4071 quem
584 4013 613 4052 ιη
632 3993 736 4054 minutis
759 3990 808 4050 froc
825 4010 910 4069 genus
926 3990 1157 4070 obseruariureeulis
1182 4012 1235 4050 non
1254 3991 1330 4048 nobis
1348 3996 1445 4066 modo,

438 4069 441 4076 '
484 4071 535 4151 sed
550 4076 695 4158 durioriiue
713 4074 789 4135 eriam
807 4072 921 4134 accidere
926 4071 1009 4152 fertile
1025 4074 1124 4154 peresi,
1139 4089 1169 4131 ur
1182 4073 1258 4133 uobis
1274 4074 1324 4154 ipfi
1336 4091 1444 4133 eontra·
