3425 5075
544 635 571 704 L
617 633 646 702 E
694 632 730 704 X
779 634 794 702 l
843 632 874 704 C
924 632 959 703 Ο
1007 630 1043 702 N

321 790 377 872 tls.
394 815 428 861 2,
443 798 479 864 o,
502 791 560 849 tue
583 794 636 849 ΗΣ
655 792 829 846 nont-:nott
849 791 986 848 totznz
1004 780 1162 846 imitare
1181 788 1285 865 eapte-

320 893 424 942 rrnnrs,
441 871 510 932 brar
528 866 705 949 bnylooetr.
725 870 797 928 Nam
814 868 903 928 Plinio
918 870 977 949 teste
993 891 1013 928 tr
1023 911 1035 938 ,
1051 878 1110 939 rob,
1125 868 1157 926 in
1174 866 1287 944 longio-

320 953 345 1015 1i
360 951 532 1012 itinereitne
549 949 677 1009 calceatu
695 950 797 1010 illorum
810 954 887 1032 pedes
901 948 1046 1010 fatiscunt.
1064 950 1150 1010 Simili
1163 950 1245 1031 igitur
1258 952 1285 1009 de

320 1033 404 1114 eausa
429 1033 508 1094 cotio
530 1032 621 1090 crudo
641 1034 715 1106 (bec
727 1030 794 1110 sunt
810 1029 997 1111 καρβάτιναι)
1022 1029 1177 1107 sparteisve
1194 1050 1286 1112 potue-

322 1134 385 1177 runt
406 1115 481 1174 etiam
499 1115 610 1174 calceare
630 1135 714 1193 equos.
738 1115 882 1172 Potuerunt
904 1114 999 1183 etiam,
1020 1118 1090 1193 quod
1105 1111 1243 1190 sualane,
1261 1115 1287 1191 fi

305 1198 389 1278 ‘sana
407 1194 491 1274 sunt,
507 1197 582 1255 verba
604 1194 699 1255 Catulli
706 1239 717 1265 ,
740 1193 820 1253 soleae
837 1193 965 1254 mularum
983 1193 1029 1274 effe
1044 1192 1160 1264 ferreae,
1181 1213 1230 1253 atu
1237 1196 1285 1272 slo

318 1277 404 1357 sirreo
414 1278 516 1359 plexa,
531 1296 579 1336 aut
592 1277 689 1337 lamina
698 1275 783 1354 setrea
798 1277 911 1335 munita.
926 1276 998 1334 Illud
1010 1275 1108 1356 quidem
1120 1294 1218 1349 manat,
1233 1279 1286 1334 cla-

322 1360 365 1422 vis
384 1366 481 1442 affxas
493 1354 582 1438 soleas
599 1358 693 1440 Vegetii
710 1374 782 1417 atate
794 1363 907 1418 nondum
920 1356 1012 1451 fill'ff‘3
1031 1356 1105 1434 Quid
1121 1357 1246 1437 imaginis
1260 1358 1286 1416 in

1111 1441 1127 1472 l

322 1448 420 1522 uetusto
436 1441 644 1522 ltippiatricontm
667 1439 812 1499 Graecorum
828 1439 966 1519 exemplari
984 1439 1078 1497 vederit
1099 1440 1114 1494 l
1123 1462 1140 1497 o
1157 1461 1217 1508 eus,
1232 1463 1284 1498 non

323 1524 495 1603 disputamus.
515 1523 572 1581 uult
584 1540 668 1580 autem
683 1519 929 1602 vielffeclzvorum‚
947 1520 1039 1601 quibus
1059 1518 1225 1600 trajiciantur
1236 1543 1286 1580 un·

321 1607 408 1684 gula,
414 1605 493 1681 stgna
513 1603 661 1684 &uestigia
680 1603 804 1663 Genuina
823 1604 921 1684 quidem
934 1602 1096 1683 antiquitatis
1107 1619 1283 1674 monumento,

322 1707 403 1764 neque
414 1687 501 1766 pilio,
525 1708 603 1766 neque
614 1681 738 1765 sculprto,
758 1700 834 1764 neque
856 1685 957 1743 literato
974 1684 1077 1764 denique
1095 1684 1190 1742 revinci
1214 1707 1285 1754 eam,

321 1789 401 1848 quam
412 1766 555 1846 proposui,
565 1765 717 1844 sententiam
727 1765 814 1846 posse,
828 1765 897 1845 saris
913 1765 986 1825 nobis
1003 1765 1104 1823 uidetur
1116 1765 1286 1845 exploratum.

324 1850 538 1929 Quandoquidem
564 1847 660 1906 Catulli
687 1869 787 1906 carmen
807 1868 835 1906 tn
860 1847 977 1907 manibus
998 1849 1050 1928 esl,
1071 1869 1123 1906 non
1145 1847 1287 1922 defimamus

322 1930 418 2010 absque
432 1930 573 1990 corollario.
598 1927 693 2007 Versus
702 1928 880 2009 penultimus,
898 1948 929 1987 ut
943 1928 977 2006 esi
990 1927 1019 1984 in
1032 1928 1156 2008 Voffiana
1171 1928 1199 1986 δ’
1214 1929 1286 2000 aliis,

322 2032 381 2092 qua
396 2019 433 2069 ad
448 2034 551 2070 manum
560 2008 640 2088 sunt,
658 2011 827 2080 editionibus,
845 2010 874 2068 in
894 2011 971 2088 legem
988 2009 1058 2067 metri
1070 2028 1180 2090 peccat,
1196 2007 1288 2086 serua·

323 2108 378 2152 tam
392 2091 523 2170 diligenter
537 2116 554 2150 a
563 2111 641 2173 poeta
656 2092 683 2150 ir
695 2093 849 2173 explicatam
865 2104 883 2150 n
900 2092 1016 2150 Mureto.
1031 2091 1153 2170 Legunt:

406 2183 441 2244 Et
454 2181 590 2260 supinum
602 2186 730 2242 animum
749 2185 778 2242 in
792 2184 871 2258 gravi
885 2181 1048 2259 delinquere
1066 2201 1165 2244 coeno.

326 2280 446 2359 Quartus
454 2300 502 2360 pes
521 2301 574 2338 urta
582 2277 690 2360 syllaba
705 2278 783 2356 longa
799 2279 915 2358 conflat,
932 2277 979 2337 loe
995 2277 1042 2355 esi,
1054 2298 1102 2356 pes
1116 2301 1170 2336 non
1183 2275 1289 2358 efl,sed

317 2360 438 2443 semipes.
456 2361 620 2422 Scribendum
633 2362 691 2441 stne
707 2360 783 2420 dubio
805 2359 1007 2433 derelinquere.
1033 2359 1073 2416 Ee
1084 2357 1144 2438 jam
1163 2361 1286 2419 tradenda

324 2444 495 2525 typographis
508 2443 556 2523 isla
574 2459 663 2512 erant,
682 2465 739 2503 cum
759 2441 832 2500 uileo
851 2438 1050 2514 derelinquere
1066 2439 1115 2519 effe
1131 2442 1159 2498 in
1172 2441 1284 2500 Henric-

319 2529 423 2607 petrina
440 2526 521 2604 Bafil,
544 2547 610 2600 ⁶59²
620 2570 632 2596 ‚
650 2530 678 2585 8.
701 2525 756 2583 His
772 2523 849 2605 plane
862 2521 1020 2601 confintiurzt
1031 2545 1061 2580 ea
1069 2566 1080 2593 ,
1102 2544 1156 2602 quae
1179 2525 1286 2582 Fabret-

324 2626 369 2666 tus
380 2612 418 2667 ael
427 2609 478 2666 col.
503 2606 575 2687 Traj.
588 2629 618 2686 p.
635 2630 690 2681 224
701 2603 727 2683 s
740 2607 770 2662 de
779 2604 875 2686 statuis
891 2603 1057 2685 eqttesiribus;
1075 2622 1202 2684 rotantque
1217 2605 1285 2664 banc

321 2689 519 2767 disputationem
536 2688 629 2774 probat
645 2686 831 2763 Weffelingius
845 2690 883 2744 ad
899 2685 1074 2743 Diodor.Sic.
1091 2707 1120 2765 p.
1131 2710 1146 2744 2
1148 2712 1165 2763 3
1167 2708 1195 2759 3.
1207 2684 1222 2713 ³
1234 2685 1299 2745 Soa

324 2768 368 2825 lea
387 2765 453 2823 oleo
473 2764 675 2834 conhciend0‚
695 2764 757 2823 Col.
786 2784 838 2838 12,
864 2785 909 2843 50.
931 2766 1017 2843 Quale
1032 2766 1078 2824 boc
1093 2767 1282 2845 instrumentum

316 2844 418 2925 suerit,
436 2867 488 2903 non
511 2844 591 2902 babeo
608 2844 695 2903 dicere.
720 2843 847 2923 Observat
861 2846 1007 2907 Pbilander
1021 2851 1056 2905 ad
1074 2846 1177 2904 Vitruv.
1194 2850 1232 2915 8,
1249 2868 1282 2919 4,

272 2939 279 2962 ¹
319 2949 370 3009 pro
388 2924 463 2986 solea
489 2922 585 2984 solena
601 2925 767 3006 fitbslt‘tutum
784 2952 801 2984 a
823 2927 931 3002 Caliosi
944 2956 989 3008 ις,
1010 2927 1056 3004 4.)
1072 2925 1120 3005 sed
1140 2931 1209 3008 quod
1228 2926 1283 3006 ipse

320 3008 380 3091 jam
396 3009 480 3083 vidit,
497 3011 621 3088 quomodo
635 3007 726 3069 retnis
744 3032 761 3066 a
779 3009 866 3067 canali
880 3007 995 3091 diffisos„
1015 3007 1146 3088 obscurum
1159 3011 1199 3091 esi.
1221 3009 1284 3069 Vid.

314 3091 397 3171 stus
410 3091 476 3172 Pop.
493 3093 523 3149 tle
536 3090 689 3173 instrument.
704 3088 785 3169 fiendi
810 3115 848 3161 12,
863 3092 934 3161 &tir
950 3110 1066 3172 quernos
1085 3092 1128 3150 ibi.
1145 3093 1159 3120 *
1177 3087 1284 3166 pilciS,

325 3172 389 3234 Col.
402 3172 430 3244 8,
450 3175 494 3233 16.
514 3171 561 3232 Gt.
576 3171 747 3245 retulimus,
766 3172 797 3230 it·
814 3170 917 3248 itnnit,
934 3171 1080 3251 observante
1101 3171 1227 3250 Salmafio
1248 3175 1288 3230 ad

324 3257 408 3315 Solt'n.
418 3275 449 3333 p.
469 3279 546 3334 794,
563 3276 590 3315 a.
610 3257 636 3314 C.
648 3253 691 3312 D.
710 3255 879 3334 Lingulaeam
897 3256 972 3314 etiam
986 3254 1053 3324 dici,
1067 3251 1205 3330 littae,
1223 3250 1287 3321 βού-

325 3355 483 3417 γλωσσαν,
501 3338 526 3393 ee
539 3337 618 3412 plura
637 3336 706 3404 alia,
722 3340 796 3395 aocet
813 3337 902 3395 Nonn.
917 3338 947 3394 de
962 3359 986 3393 re
1001 3335 1047 3395 cib.
1060 3363 1089 3415 3,
1105 3360 1148 3412 25.
1167 3336 1285 3395 Alterum

308 3474 310 3479 .
323 3441 413 3479 nomen
426 3418 502 3477 Galli
509 3416 618 3494 seruant
629 3422 711 3476 eodem
726 3417 825 3490 indice,
841 3417 925 3489 Sole3
940 3418 1048 3490 alterum
1059 3417 1162 3495 Belca,
1172 3397 1283 3491 Tonge.

309 3567 313 3574 .
366 3509 509 3572 Solemnis
528 3507 608 3568 labor
629 3509 818 3583 rusticorum,
841 3508 906 3569 Pa'll.
936 3530 966 3579 1,
985 3510 1012 3569 6.
1038 3506 1175 3568 solemnis
1198 3506 1284 3582 hujus

325 3592 436 3667 pecoris
452 3587 533 3648 labor
550 3588 723 3649 conficiendi
737 3590 888 3664 frumenti,
906 3590 968 3652 Col.
981 3611 1011 3665 7,
1032 3598 1056 3648 1.'
1075 3587 1211 3666 agricolae
1227 3586 1285 3665 gal·
1315 3603 1319 3611 ⁴

324 3671 448 3732 linaium
464 3688 552 3740 eura,
573 3669 635 3730 col.
651 3670 687 3743 8,
705 3693 731 3731 2.
747 3670 874 3730 solemne
895 3673 933 3730 est
949 3670 1064 3730 feminae
1082 3672 1220 3730 omnibus
1235 3688 1284 3727 an-

323 3754 369 3828 nis
386 3770 500 3831 parete,
515 3748 578 3811 Col.
600 3753 635 3824 6,
653 3770 697 3829 37.
719 3756 780 3811 aad.
798 3750 861 3812 Col.
887 3774 912 3824 ι,
929 3753 956 3812 8.
977 3752 1149 3811 solemnium
1169 3753 1285 3811 dierum

264 3834 272 3842 ’
323 3853 456 3909 ornatus,
470 3832 533 3894 col.
553 3854 605 3905 12,
626 3850 650 3909 3.
670 3831 844 3900 [solemnia
864 3832 1018 3906 festorum,
1039 3832 1104 3893 Col.
1123 3854 1157 3906 2,
1175 3854 1223 3894 22.

362 3930 552 4002 Solemnitet,
566 3927 713 4000 ordinarie,
731 3930 758 3985 in
779 3928 836 3987 cibo
855 3937 994 4007 consueto,
1010 3924 1079 3989 Pall
1100 3946 1134 4001 1,
1153 3925 1200 3986 28.

362 4021 459 4083 Solide
474 4037 606 4082 contexta
626 4022 710 4093 oilla,
730 4019 792 4082 Col.
819 4043 872 4092 12,
893 4040 937 4102 54.

362 4111 522 4178 Solidatum
543 4118 647 4179 tudere
661 4113 770 4191 solum,
790 4114 857 4180 Pall.
877 4135 910 4191 t,
931 4135 975 4197 ¹7·
996 4113 1116 4179 solidata
1137 4131 1281 4193 pecorum
