3425 5075
600 560 1102 634 LEXlCON

411 719 609 800 Hydrophoba
628 718 782 789 animalia,
803 718 873 794 Veg.
896 742 925 800 3,
944 741 988 802 31.
1025 719 1234 801 hydrophobos
1260 718 1336 782 iacit

372 804 483 862 morsus
504 805 580 862 canis
602 801 714 870 rabidi,
734 800 802 874 Veg.
824 817 850 878 3,
868 799 916 873 84.

413 897 595 974 Hydropicus
614 894 688 967 bos,
709 894 779 970 Veg.
799 911 825 972 3,
848 914 894 970 27.
1004 898 1007 913 '

411 988 562 1063 Hydrops‚
584 986 647 1047 Col.
668 1007 698 1065 7,
714 1008 742 1063 7.
765 984 951 1061 animalium,
968 984 1038 1061 Veg.
1061 1007 1090 1065 3,
1109 1004 1155 1065 25.

369 1131 373 1142 .
411 1079 568 1157 Hymettos
585 1098 669 1140 mons
691 1079 813 1154 Atticaei
827 1076 890 1138 Col.
912 1101 941 1160 9,
957 1099 984 1139 2.
997 1075 1131 1156 Hymetti
1154 1077 1241 1153 rldlaei
1260 1075 1336 1136 mel-

372 1159 438 1234 la„
455 1160 518 1222 Col.
542 1183 589 1236 10,
605 1162 673 1244 386.

412 1249 608 1331 ‘tenuiorem
621 1255 683 1327 ejus
702 1249 820 1325 senten,
845 1248 910 1312 Col.
927 1251 956 1320 6,
976 1250 1023 1329 38.
1109 1327 1112 1339 y

412 1342 574 1422 Ὕπηνέμιοι
596 1363 669 1417 ova,
683 1344 763 1404 Varr.
780 1363 819 1417 2,
840 1362 866 1402 ι.
888 1342 961 1421 quasi
976 1364 995 1398 a
1008 1358 1083 1401 vento
1105 1358 1237 1417 concepta.
1256 1342 1340 1398 Plio.

370 1424 418 1507 ᾘ.
437 1427 477 1485 Ν.
507 1450 546 1497 ro,
559 1430 613 1485 80:
633 1425 714 1486 lrrita
741 1443 811 1498 ova,
827 1442 891 1499 quoe
926 1420 1097 1498 hypenemia
1116 1421 1263 1491 diximus,
1284 1433 1339 1479 out

374 1516 476 1566 mutua
498 1506 613 1567 feminae
633 1507 706 1566 inter
722 1503 752 1565 se
775 1501 905 1565 libidinis
923 1492 1127 1579 imaginatione
1148 1502 1339 1575 concipiunt,

374 1600 428 1648 aut
447 1585 580 1664 pulvere:
597 1605 651 1648 nec
677 1586 816 1647 columbae
843 1581 1041 1655 tantum,>led
1067 1585 1094 1641 dt
1113 1580 1244 1657 gallinae,
1264 1600 1344 1656 per·

374 1668 481 1741 dicet,
500 1688 646 1745 pavones,
668 1665 797 1741 anseres,
824 1663 1041 1742 chenalopeces.
1062 1664 1134 1724 Sunt
1155 1674 1250 1722 autern
1275 1662 1343 1721 lle·

375 1747 441 1808 rilia
461 1750 634 1824 dominura,
654 1766 688 1808 ac
713 1749 809 1809 minus
829 1746 952 1822 jucundi
973 1745 1145 1822 saporie,&
1168 1744 1259 1818 magis
1279 1742 1340 1801 hu·

375 1828 465 1890 ulida.
488 1831 616 1906 Quidam
636 1833 663 1892 dc
682 1841 769 1889 vento
786 1840 889 1906 putant
904 1847 937 1888 ea
953 1825 1096 1902 generari:
1118 1843 1173 1898 qua
1193 1823 1229 1882 de
1249 1825 1335 1884 caula

374 1911 466 1971 ctiam
479 1911 614 1990 zephyria
634 1909 823 1988 appellantur.
838 1911 909 1972 Haec
926 1921 1023 1968 autem
1040 1924 1106 1968 vere
1126 1918 1246 1964 tantum.
1269 1909 1337 1966 Con·

371 1989 419 2071 fer
434 1992 598 2072 Aristotelem
615 1996 647 2052 de
662 1993 826 2072 generatione
842 1990 997 2050 animalium
1011 2012 1040 2065 3,
1060 2015 1087 2060 e,
1103 1989 1129 2047 δ’
1144 1988 1200 2065 lust.
1225 1987 1336 2047 animal.

376 2092 414 2146 5,
433 2098 451 2132 e.
471 2083 506 2142 6,
527 2098 554 2135 2.
581 2075 691 2134 Ponted.
713 2073 788 2132 Add.
816 2073 904 2132 Here.
923 2073 962 2128 ed
984 2071 1058 2130 Ptin.
1078 2070 1109 2142 8,
1134 2076 1181 2143 67.
1202 2070 1284 2129 Cerdo
1301 2071 1340 2127 ad

283 2204 287 2211 .
379 2151 452 2231 eng.
470 2155 517 2212 Ge.
535 2178 651 2231 2,273,
669 2155 714 2233 qui
730 2151 916 2233 diligentiffime
938 2152 1043 2232 collegit
1060 2149 1158 2210 omnia.

312 2304 315 2309 .
416 2245 592 2324 Hyperionis
610 2247 677 2308 aestu
692 2247 831 2324 flagrans}
855 2243 920 2306 Col.
948 2264 995 2317 10,
1016 2264 1085 2316 400.

417 2337 603 2416 Hypochylrs
623 2341 685 2421 (ira
701 2341 768 2398 enim
792 2339 840 2418 leg.
859 2331 1033 2418 deripuere)
1050 2337 1204 2395 adverbum
1221 2333 1338 2396 suffusio

377 2421 464 2495 oculi,
483 2421 552 2499 Veg.
572 2444 606 2495 2,
625 2442 671 2501 17.
698 2422 732 2502 est
748 2411 919 2500 ὑπόχυμα,
934 2439 964 2477 ret
981 2441 999 2477 a
1021 2419 1125 2479 Gorraeo
1141 2418 1269 2496 definitur.
1288 2422 1339 2478 Se-

377 2503 425 2563 des
444 2503 512 2561 enim
529 2505 597 2563 inter
612 2523 731 2564 corneam
751 2503 780 2563 6·
795 2500 983 2581 crystallinum.

419 2596 637 2673 Hypocorialrs,
654 2599 725 2674 Veg.
743 2617 771 2667 2,
793 2598 837 2658 16.
853 2598 911 2656 uid.
931 2594 1014 2657 Corc.

419 2688 638 2762 Hipornelidum
663 2690 838 2766 descriptio,
863 2688 954 2765 satio,
977 2690 1105 2764 cultura,
1135 2685 1203 2751 Pau.
1228 2708 1282 2767 13,
1308 2711 1339 2762 4.

376 2766 553 2843 Hypomelis
580 2789 636 2845 quo
654 2772 714 2846 fir,
734 2792 822 2839 nemo,
842 2772 936 2841 credo,
961 2774 1043 2833 docet.
1071 2773 1165 2832 Tacent
1189 2790 1253 2831 ceree
1275 2772 1340 2829 Pli-

375 2848 461 2919 nius,
476 2848 636 2922 Geoponiei,
658 2867 712 2908 rum
742 2851 845 2909 barbari
872 2850 1030 2929 Crescentius
1045 2855 1076 2911 de
1100 2854 1236 2911 commodis
1256 2874 1341 2909 rerum

375 2928 459 2995 rurol.
473 2929 500 2989 ὁ
513 2929 634 2989 Boebol.
648 2932 680 2988 dc
699 2930 788 3007 Pifis,
807 2952 839 2989 ac
854 2933 1020 3010 recentiores,
1037 2933 1198 3012 Bruyere'nres
1216 2935 1241 2992 fe
1256 2937 1339 2991 Non·

377 3009 440 3066 nites
461 3012 491 3069 de
507 3033 532 3067 re
547 3011 654 3072 cibaria.
671 3012 728 3070 Vix
744 3012 853 3085 dubito,
868 3014 932 3091 quin
946 3019 1035 3075 retines
1041 3019 1077 3094 fit
1090 3014 1226 3092 Epimelis
1237 3059 1246 3084 ‚
1259 3036 1338 3092 quam

375 3089 549 3171 'Dioscorides
576 3118 604 3167 r,
630 3115 676 3173 '7⁰
698 3089 809 3169 mespili
831 3112 920 3170 genus
940 3096 987 3176 effe
1010 3098 1059 3156 aie.
1080 3101 1149 3159 Certe
1169 3100 1243 3155 eriam
1261 3098 1338 3153 Bou.

377 3172 501 3245 hunsle
522 3174 622 3234 niven
646 3197 675 3255 p.
698 3197 759 3249 454
778 3176 816 3233 ad
834 3173 990 3251 lllespilum
1014 3177 1072 3254 apii
1090 3176 1160 3249 folio
1184 3174 1337 3235 silvestrem

376 3271 438 3312 non
464 3253 648 3334 spinosamſs
667 3253 780 3316 loibum
808 3257 992 3316 torminalem
1018 3260 1110 3337 refert,
1128 3280 1185 3317 cum
1209 3255 1337 3337 subjicit,

376 3332 592 3412 Hypomelides
617 3335 735 3396 Palladii
765 3336 945 3414 quibusdam.
969 3341 1009 3401 Er
1029 3360 1115 3400 remeo
1138 3342 1274 3418 antiquum
1291 3338 1336 3416 effe

376 3436 507 3489 errorem,
527 3418 571 3475 vel
586 3420 770 3495 corruptionem
799 3439 914 3499 oportet,
922 3422 951 3497 fi
964 3425 1050 3479 eadem
1073 3423 1123 3496 est,
1137 3425 1208 3498 quod
1224 3421 1290 3477 milri
1300 3419 1336 3495 fit

373 3497 528 3577 probabile,
542 3502 571 3558 de
589 3518 640 3576 qua
657 3501 745 3574 lstdor.
770 3522 815 3576 17,
835 3523 862 3575 7.
882 3498 1027 3561 Pomelida
1045 3499 1127 3560 sorbo
1144 3500 1259 3573 similis,
1276 3518 1337 3558 me·

375 3576 486 3637 diocrio
511 3577 613 3650 arbor,
635 3579 662 3638 u
681 3579 751 3639 flore
771 3580 947 3657 candidulo,
966 3582 1060 3654 dieta,
1080 3582 1158 3656 quod
1182 3580 1339 3641 dulcedine

376 3658 493 3803 mus
519 3661 646 3733 frocus,
667 3661 797 3720 &acuto
819 3661 921 3738 sapore
949 3663 1135 3726 commixtus.
1158 3666 1233 3725 Adel.
1254 3664 1337 3723 Porta

374 3783 377 3804 .
408 3761 418 3799 r
473 3764 562 3817 3,14.

417 3821 629 3923 ‘Troprlperee
643 3832 707 3896 Boli
725 3831 888 3909 Mendesii,
911 3835 973 3900 Col.
987 3860 1017 3921 7,
1034 3858 1061 3924 ς.
1125 3918 1130 3920 -

417 3923 490 4006 Ὗς,
504 3931 568 4005 luo,
588 3933 666 3992 Varr.
686 3953 715 4007 2,
730 3951 758 4006 4.
1138 3925 1142 3929 ”
1162 3922 1167 3925 ’

420 4019 586 4105 Hyllopites
612 4027 731 4126 uinum,
748 4022 811 4091 col.
834 4044 891 4103 12,
911 4043 959 4112 35.

959 4169 974 4207 Χ
