3425 5075
600 524 1100 603 LEXlCON

416 689 533 752 Excutit
547 685 617 747 mihi
626 728 635 756 ,
646 697 677 744 ut
690 699 897 764 componerem
914 687 1007 748 cultus
1023 681 1193 766 hortorum,
1207 690 1271 753 Col.
1286 712 1333 770 tr,

259 818 266 833 .
379 794 403 834 r.
416 794 464 851 pro
481 767 599 829 extudit
617 765 791 826 *excudere
811 785 884 841 ova,
899 768 977 829 Varr.
995 789 1026 849 3,
1047 792 1075 852 9.
1099 771 1183 848 pullis
1201 773 1335 832 forman·

376 855 420 915 dis
434 844 673 921 excudendisque,
684 844 746 907 Col.
760 845 789 919 8,
802 867 845 920 ι4.
862 868 993 926 conparat
1010 851 1126 911 Gratum
1142 853 1332 917 ἐκκολάπτειν

376 934 450 1011 Sylb.
462 931 516 989 vid.
535 925 692 990 Excusat*
703 928 809 988 excudi
826 926 915 989 debet
929 929 1037 990 canalis
1056 951 1072 991 a
1086 931 1200 997 summo
1216 951 1334 1009 trunco,

375 1010 442 1075 Pall.
464 1031 492 1078 2,
518 1029 529 1067 1
554 1054 561 1068 .

358 1098 362 1105 ·
412 1029 550 1153 Etcultae5
562 1086 652 1161 oleae,
674 1086 737 1148 Col.
758 1107 791 1169 ς,
809 1109 837 1166 9.
856 1089 973 1150 exculta
991 1088 1119 1166 semina,
1144 1095 1207 1156 Col.
1229 1116 1283 1167 rr,
1309 1116 1334 1176 3.

400 1183 448 1230 ·ut
467 1169 602 1232 Excurrat
626 1167 747 1241 humor,
774 1168 844 1232 Pall.
869 1191 925 1243 12,
953 1189 995 1250 ις.
1012 1171 1029 1201 ⁴
1044 1177 1243 1248 excurrimus,
1263 1181 1334 1256 exse.

372 1252 428 1322 euti
438 1255 550 1332 sumtis,
568 1251 639 1328 vrdg.
657 1250 751 1328 legitter
764 1249 833 1312 Pali.
850 1271 884 1330 9,
904 1272 933 1328 7.
950 1253 1006 1310 Sed
1016 1274 1063 1312 nos
1081 1258 1267 1334 adoptavimus
1279 1275 1332 1319 oc·

374 1336 531 1402 currimus,
546 1352 642 1411 magna
661 1331 820 1407 consenfione
835 1335 985 1410 optimorum
1004 1334 1121 1393 librorum
1131 1339 1331 1418 comprobantur.

413 1411 560 1476 Excusatae
577 1425 679 1471 matres
696 1411 732 1470 ab
750 1410 947 1486 incubatione,
958 1412 1026 1473 Pall.
1039 1434 1063 1484 r,
1076 1413 1122 1476 28.
1134 1421 1164 1476 de
1168 1420 1331 1497 pavonibus.

417 1493 564 1559 Excusent
584 1489 613 1550 se
629 1491 754 1552 invicem
774 1511 789 1551 a
809 1491 922 1566 calore,
953 1492 1020 1554 Pall.
1049 1514 1101 1568 12,
1116 1514 1144 1574 7.
1160 1519 1208 1578 pro
1231 1500 1336 1559 defen·

374 1579 458 1638 dant.
484 1577 531 1633 Sic
546 1570 683 1632 excusant
702 1591 738 1646 ne
759 1591 847 1650 poma
861 1575 973 1634 caduca
993 1573 1160 1649 nascantur,
1175 1579 1240 1638 ibid.

417 1654 548 1718 Ercusos.
566 1652 672 1714 excusis
687 1652 856 1729 ansetculio,
877 1654 939 1717 Col.
960 1653 998 1728 8,
1020 1676 1065 1730 ¹4·
1085 1657 1203 1720 excusos
1219 1658 1334 1737 pollue,

228 1695 230 1704 Ι
318 1728 321 1733 ’
375 1739 452 1799 Varr.
476 1737 620 1816 3,6&9.

417 1819 532 1880 Excutit
549 1816 652 1894 gradus
672 1813 882 1876 ambulantium
900 1826 1055 1878 tremorem
1074 1817 1206 1894 fabricae,
1219 1819 1292 1882 Pall.
1309 1841 1334 1898 r,

376 1921 406 1984 9.
417 1900 567 1960 excutiunt
583 1897 612 1958 se
624 1900 752 1972 jumenta
768 1896 830 1974 post
845 1897 1073 1974 volutationem,
1091 1900 1161 1978 Veg„
1177 1921 1210 1982 3,
1227 1923 1278 1976 42.

416 1980 528 2045 Exedra
545 1975 685 2038 conclusae
702 1997 784 2051 atres,
802 1979 879 2039 Varr.
900 1999 933 2059 3,
948 1998 972 2060 3.

415 2062 475 2122 stne
487 2058 626 2137 Exemplo
642 2077 696 2118 nec
711 2059 830 2118 docetur
839 2062 932 2130 reste,
949 2077 1004 2120 nec
1014 2060 1149 2135 discitur,
1167 2059 1230 2123 Col.
1247 2082 1295 2136 rr,
1309 2082 1331 2124 r.

415 2140 572 2203 Erremtiles
592 2139 724 2216 perticae,
739 2139 802 2200 Col.
821 2138 858 2213 8,
880 2160 924 2201 rr.

414 2223 545 2364 Egemtig
563 2221 720 2361 lfavorum,
744 2219 807 2283 Col.
824 2241 862 2303 9,
887 2241 932 2296 ¹4
960 2217 1157 2283 exemtionem
1187 2221 1334 2286 difficilem

399 2323 434 2365 rae
456 2319 500 2374 et,
543 2323 581 2364 o.
626 2324 694 2374 ,1.

375 2325 396 2384 p
418 2386 539 2448 Erremto
560 2321 653 2454 antio,
667 2326 690 2445 i
711 2406 732 2443 e.
756 2386 862 2456 exodo,
878 2380 948 2443 Pall.
970 2401 1004 2461 3,
1030 2404 1074 2461 17.
1101 2348 1334 2460 quarto⁹mense,

259 2484 263 2491 ·
377 2467 449 2529 Pall.
475 2489 512 2551 3,
532 2466 577 2527 26.
602 2476 747 2542 tempore,
770 2463 837 2534 Ball.
869 2483 903 2545 3,
924 2468 982 2547 33.·
999 2467 1123 2528 exemtis
1141 2465 1194 2528 XL
1214 2466 1336 2546 diebus,

378 2548 449 2611 Pell.
468 2553 522 2621 rr,
545 2549 619 2620 14&
639 2567 681 2625 15.
702 2546 793 2607 tribus
812 2546 931 2620 diebuS,
960 2545 1029 2607 sall.
1050 2567 1107 2619 12,
1124 2567 1172 2609 20.
1195 2548 1197 2551 ’

419 2630 509 2689 Exeo.
529 2630 619 2686 etrite
640 2640 713 2687 terra
732 2629 856 2704 primum
876 2626 1039 2701 hordeum,
1061 2628 1137 2688 Varr.
1162 2649 1195 2703 r,
1212 2649 1262 2712 45.
1286 2630 1335 2693 virt

376 2707 438 2766 ulla
463 2706 571 2777 herba,
592 2704 653 2766 Col.
677 2728 716 2780 2,
744 2729 785 2769 12.
806 2709 878 2787 confi
902 2706 970 2769 Pall.
997 2727 1030 2788 3,
1054 2731 1082 2781 4.
1102 2709 1179 2769 exire
1199 2712 1351 2771 nituntur·

376 2785 455 2845 oculi
480 2786 702 2862 sarmentorum,
721 2787 789 2849 Pall.
810 2808 842 2868 3,
863 2810 908 2870 32.
931 2788 989 2849 exit
1008 2788 1109 2848 melior
1133 2792 1205 2849 attis
1222 2810 1335 2869 napus,

377 2866 440 2929 col.
461 2889 495 2939 2,
520 2886 564 2927 ro.
588 2864 703 2942 lupinus
722 2887 781 2928 non
809 2869 870 2929 exit
894 2867 954 2931 solo
983 2868 1103 2944 limoso,
1120 2870 1184 2933 ibid.
1206 2875 1335 2936 exeat&

375 2948 546 3028 grandescat
564 2947 623 3007 lens
638 2946 714 3022 sata,
733 2947 801 3011 Pall.
824 2970 854 3031 3,
872 2972 901 3025 4.
913 2949 929 2981 ⁴
944 2964 1068 3012 exeunte
1084 2950 1194 3026 mense,
1214 2953 1283 3014 Pall.
1300 2975 1335 3035 3,

375 3031 455 3113 25.i.
468 3054 489 3091 e.
499 3028 640 3111 finiente*
652 3031 728 3091 uude
744 3030 845 3107 optimi
864 3044 970 3091 exeunt
987 3031 1071 3107 asini,
1087 3033 1164 3093 Varr.
1177 3054 1205 3103 2,
1222 3035 1249 3094 6.
1267 3040 1295 3096 h.
1312 3060 1337 3100 ι.-

374 3116 526 3197 gignuntur.
537 3112 620 3171 *non
634 3108 742 3173 exeunt
755 3130 874 3173 novenae
892 3126 985 3189 partes
1004 3112 1077 3174 ultra
1091 3113 1139 3172 see.
1157 3114 1234 3173 Varr.
1253 3137 1287 3189 2,
1310 3137 1333 3178 r.

376 3196 404 3254 lt.
425 3218 447 3254 e.
461 3193 614 3271 transferri,
630 3195 758 3275 applicati
773 3215 826 3253 non
843 3194 956 3275 poffitnt.
967 3195 983 3225 '³
1001 3195 1042 3255 uti
1060 3195 1128 3255 inde
1148 3196 1334 3280 (dependit)

377 3275 446 3336 exiri
473 3274 576 3353 possit,
595 3274 655 3336 Cat.
681 3296 704 3335 1.
725 3278 810 3336 Locus
838 3276 936 3335 relidas
956 3274 1014 3357 sere
1032 3299 1055 3338 tt
1070 3276 1138 3336 viris
1162 3278 1259 3350 doliis,
1277 3298 1334 3339 tutti

375 3376 462 3417 tamen
478 3357 702 3437 interpretatione,
713 3360 743 3437 fi
763 3356 909 3437 quisalius
928 3374 1009 3434 egeat.
1030 3358 1129 3418 Dicam
1152 3359 1218 3437 quid
1229 3376 1333 3437 putent,

374 3439 483 3499 libenter
496 3440 633 3497 auditurus
652 3438 757 3498 meliora
771 3454 908 3498 monentes.
929 3439 1062 3517 Respicere
1077 3437 1156 3515 igitur
1171 3440 1274 3505 videtur
1290 3441 1334 3499 vir

295 3563 299 3580 ,
370 3518 481 3602 sapiens
507 3520 545 3575 ad
561 3514 704 3594 fibulam,
723 3542 778 3597 qun·
798 3519 875 3577 etiarn
897 3520 970 3601 apud
991 3518 1127 3577 Pineum
1152 3521 1187 3598 est
1206 3522 1249 3596 4,
1264 3522 1286 3579 8
1303 3526 1333 3582 de

373 3620 473 3677 capto,
489 3598 533 3678 qui
552 3614 610 3655 non
635 3598 892 3676 circumspexerat,
911 3598 951 3659 uti
970 3598 1046 3657 exite
1062 3596 1177 3675 possete
1190 3618 1290 3681 puteo,
1305 3604 1334 3661 in

374 3700 447 3762 quern
466 3702 483 3734 a
508 3678 645 3757 vulpecula
671 3681 822 3755 invitatus,
846 3683 1022 3762 descenderat,
1057 3699 1113 3758 que
1143 3681 1218 3740 illum
1241 3683 1335 3742 deinde

376 3759 473 3821 clauso
497 3756 609 3837 reliquit
628 3756 781 3819 haerentem
802 3762 887 3823 vado.
907 3761 945 3819 Et
964 3760 1039 3821 multi
1056 3759 1158 3840 majora
1176 3764 1259 3844 copiis
1271 3765 1334 3841 suis

372 3844 473 3923 predia
492 3862 596 3917 emunt,
613 3863 644 3899 ac
660 3842 696 3898 iis
706 3841 882 3922 Jeimplitant
900 3842 1029 3923 negotiis,
1050 3864 1156 3921 quorum
1167 3843 1282 3923 facilins
1301 3846 1335 3926 est

375 3925 504 3999 initium,
522 3946 598 4005 qnam
609 3924 690 4001 finem
710 3923 831 3984 inuenire.
857 3924 950 3985 celius
965 3926 1002 3981 ad
1015 3924 1069 3984 cre.
1084 3926 1123 3999 8,
1137 3933 1155 3984 6
1171 3943 1235 3985 extr.
1257 3939 1333 3984 nete

374 4022 412 4066 eo
430 4007 589 4085 demittas,
606 4003 684 4068 unde
701 4004 811 4068 exitum
829 4006 911 4068 rides
926 4003 1038 4068 nullum
1056 4003 1122 4071 esse.
1135 4006 1224 4066 Plane
1236 4007 1333 4089 probo

1167 4319 1174 4365 k.

1126 4438 1130 4480 Ι
1171 4433 1180 4440 ψ
