3425 5075
466 588 1060 674 tussicula

236 800 239 811 ·
314 756 421 820 Comei
441 755 537 830 clavi,
557 755 621 816 Cat.
650 754 694 817 18.
714 773 820 816 corneo
839 757 920 833 solo,
939 759 1020 822 Varr.
1041 781 1076 835 2,
1092 778 1121 846 9.
1142 764 1145 771 '

316 858 366 918 per
384 837 575 900 Corniculum
593 836 744 897 infundere
761 838 914 913 faucibus,
933 840 997 903 Col.
1010 834 1107 926 7,'5.'

317 922 415 983 Cornu
434 920 586 997 caprinum
603 918 633 977 in
651 919 805 993 remediis,
832 920 903 999 Veg.
922 941 958 1002 3,
977 944 994 983 2
1020 921 1047 987 b.
1068 941 1177 986 cornua
1197 920 1244 986 ln·

285 1001 360 1078 lima,
382 1000 445 1066 Cat.
465 1023 514 1080 72.
533 1001 562 1061 in
583 1000 669 1060 ariete
690 1002 718 1062 u
742 1018 829 1078 capro
850 1000 945 1078 qualia
966 1002 1142 1080 probentur,
1163 1007 1241 1069 Varn

287 1105 316 1157 2,
331 1104 359 1145 2.
377 1081 440 1145 col.
460 1104 500 1162 7,
522 1101 546 1161 3.
569 1084 601 1140 in
626 1080 700 1141 bove
724 1083 889 1160 nigrantia,
906 1083 984 1144 Varr.
1006 1105 1040 1160 2,
1061 1098 1084 1147 t.
1106 1087 1243 1149 cornibus

286 1164 433 1240 praestastis
458 1162 635 1234 remedium,
655 1162 719 1224 cor.
732 1163 762 1235 6,
784 1165 826 1224 ι6.
846 1181 954 1224 cornua
971 1166 1088 1228 arietina
1105 1171 1181 1232 circa
1200 1188 1245 1231 ra·

287 1247 357 1306 dices
367 1245 415 1308 fici
426 1245 588 1306 obruuntur
606 1262 659 1319 pro
673 1243 908 1319 caprificatione,
921 1243 990 1308 Pali.
1001 1270 1030 1320 4,
1045 1248 1111 1309 io*
1121 1269 1244 1312 cornum

286 1331 424 1407 cervinum
440 1325 678 1399 incendendum,
701 1326 779 1384 Varr.
797 1345 830 1405 q,
850 1347 878 1406 9.
899 1342 1020 1385 cornum
1035 1329 1113 1388 etiam
1128 1354 1141 1387 e
1157 1334 1244 1394 MSS.

286 1412 396 1469 notamus
415 1407 480 1471 Col.
495 1409 535 1478 6,
556 1428 583 1466 2.
605 1426 643 1486 7,
662 1426 706 1467 ιο.
721 1408 782 1464 add.
801 1407 901 1486 Heius.
919 1410 958 1466 ad
972 1409 1054 1471 Ouid.
1072 1411 1185 1472 Merum.
1209 1434 1245 1487 2,

286 1492 345 1568 874
358 1488 496 1572 Supiffime
511 1489 590 1549 uiam
603 1506 725 1549 cornum
736 1490 803 1547 MS.
813 1486 911 1565 correj.
924 1489 1048 1564 vegetii,
1066 1510 1093 1550 ν.
1108 1515 1135 1573 g.
1155 1512 1182 1574 3,
1198 1514 1244 1565 24

286 1572 373 1641 Mulru
389 1573 452 1635 item
470 1570 595 1631 Rhodius
608 1570 674 1628 Lex.
694 1568 776 1628 Serib.
795 1567 810 1597 ⁴
824 1567 875 1628 Per
892 1586 983 1628 cornu
999 1569 1169 1646 infundere,
1182 1573 1246 1641 Col.

286 1653 310 1724 6,
324 1673 339 1712 2
355 1654 383 1714 de
401 1671 447 1713 10.
465 1653 554 1724 dare,
569 1648 632 1711 Col.
648 1649 678 1721 6,
692 1667 738 1726 27.
754 1649 922 1725 demittere,
938 1648 1001 1712 Col.
1016 1666 1048 1730 7,
1065 1672 1108 1714 ιο.
1127 1656 1189 1715 Vid.
1201 1655 1246 1717 Ad
1283 1700 1285 1705 .
1343 1706 1349 1719 ,

286 1751 370 1794 cornu
378 1735 432 1813 sub
450 1732 614 1794 adeona
631 1729 746 1791 infundi
765 1730 1015 1793 medicamentum
1039 1734 1157 1795 canibus
1169 1734 1247 1816 juber

284 1817 429 1894 Nemefian.
451 1817 547 1892 Cyneg.
566 1814 633 1872 228.
654 1814 717 1871 Fuit
735 1833 794 1892 erqo
808 1835 857 1893 pro
873 1811 1059 1874 infundibulo
1077 1819 1123 1875 uel
1139 1816 1247 1894 strigili.

286 1892 361 1956 *Aa
380 1895 462 1954 etiam
481 1895 604 2035 meique
624 1894 739 1953 umen?
769 1895 812 1954 Ita
832 1893 938 1954 uidetur
959 1895 1029 1972 Veg.
1054 1915 1094 1970 4,
1120 1920 1148 1977 9.
1167 1894 1184 1928 *
1200 1892 1258 1958 De‘

285 1994 376 2038 cornu
390 1997 439 2054 pru
457 1996 525 2057 unqu
575 1975 632 2035 uu.
651 1973 682 2032 iu
704 1973 876 2041 Cornutum.
895 1977 976 2035 Adde
992 1977 1058 2058 isia:
1079 1972 1248 2048 donecob-

287 2054 419 2119 durescat
439 2057 468 2117 in
489 2073 602 2127 cornu,
624 2054 694 2129 veg.
721 2072 758 2130 a,
783 2055 828 2137 5⁶·
863 2054 959 2117 donee
984 2076 1075 2123 cornu
1105 2059 1247 2138 ungulam

287 2139 375 2220 (sture
393 2135 520 2221 ungula)
536 2136 642 2209 faciat,
661 2137 731 2212 veg.
745 2158 780 2208 2,
802 2156 847 2217 57.
865 2140 895 2198 it.
919 2160 1001 2222 3,4.
1020 2155 1130 2203 cornua
1146 2141 1247 2203 infinia

287 2220 399 2300 ungito,
411 2218 472 2281 Cat.
488 2234 537 2294 72.
552 2235 660 2279 cornua
672 2219 795 2295 axungia
811 2218 957 2296 linuntur,
972 2218 1034 2283 col.
1052 2224 1081 2297 6,
1096 2243 1139 2306 ις.
1153 2222 1247 2287 cornu

287 2318 428 2375 concavo,
446 2298 564 2375 Pa11.4,
585 2317 631 2378 13·
645 2298 716 2379 confi
734 2299 803 2377 Veg.
822 2323 859 2382 3,
879 2313 904 2380 3.
1150 2354 1153 2362 .
1281 2295 1285 2305 ’

322 2384 474 2456 Cornum,
485 2380 597 2462 stulius.
616 2397 703 2440 corna
720 2394 752 2440 ut
771 2380 963 2454 condiantur,
984 2379 1046 2442 Col.
1072 2396 1123 2457 ra,
1142 2402 1189 2447 ro.

321 2465 451 2528 eCornu
471 2463 560 2525 uriom
573 2461 666 2540 pastus
686 2462 788 2539 apibus
806 2463 903 2536 noxii,
925 2463 1003 2523 Varr.
1024 2482 1057 2543 3,
1083 2465 1127 2524 16.

322 2548 524 2610 Cornutorum
541 2556 608 2604 aetas
621 2543 819 2622 cognoscitur,
837 2544 916 2607 Vari.
936 2563 963 2619 2,
977 2563 1006 2620 7.
1024 2548 1099 2625 Quid
1111 2555 1247 2609 cornutos

287 2647 344 2690 turn
356 2631 464 2687 numine
480 2628 506 2686 lr.
521 2624 540 2688 l.
555 2623 684 2705 intelligar
707 2630 807 2699 Varro,
826 2648 878 2687 uon
895 2629 934 2687 itu
952 2625 1174 2708 perspicuumeflq
1184 2649 1247 2689 num

281 2713 339 2789 fide
352 2712 390 2772 iis
404 2727 511 2768 tantum
526 2706 699 2781 animalibus,
714 2729 769 2788 quu
789 2708 822 2767 iu
828 2706 1022 2789 frontegmmr
1034 2728 1147 2783 cornua,
1159 2711 1247 2792 stiffi·-

285 2793 323 2854 cio
335 2797 387 2873 fit,
404 2808 436 2851 ut
452 2791 485 2849 de
503 2788 606 2862 buius,
626 2788 748 2850 eeiuird·
764 2790 916 2867 fimilibus,
935 2792 987 2849 liae
1005 2791 1106 2871 quidem
1128 2795 1247 2873 ungulus

286 2873 385 2932 mluime
394 2870 524 2952 indiuifiu
535 2870 642 2944 halent,
648 2871 697 2951 fed
709 2870 835 2951 diuisa53
849 2888 970 2951 proerereu
982 2890 1056 2943 oues,
1071 2892 1159 2947 cunas,
1170 2877 1247 2956 sues,

285 2975 390 3033 quorum
406 2971 471 3014 utus
486 2974 520 3014 ex
546 2953 667 3013 dentibus
689 2974 787 3032 quoque
803 2953 979 3033 eognojiirur,
1002 2975 1049 3011 cur
1066 2952 1169 3031 rejecit,
1188 2973 1247 3034 quae

286 3057 365 3111 aeque
378 3055 473 3095 cornua
485 3034 587 3112 ferunt,
598 3043 784 3113 neque'ungues
794 3033 941 3093 dividunt?
958 3038 1124 3115 Quup-oprer
1133 3053 1162 3092 ur
1170 3038 1247 3113 hasce

284 3114 454 3198 difficultates
467 3115 634 3186 declinemus,
648 3114 763 3196 procliue
777 3117 810 3196 esi
822 3117 929 3186 credere,
949 3130 1135 3175 cornutorum
1151 3117 1204 3172 diti
1212 3119 1248 3174 ile

285 3196 439 3277 unguibus,
452 3217 611 3276 nequaquam
627 3198 657 3256 de
669 3199 796 3256 cornubus
807 3195 911 3274 propu'e
925 3197 1000 3253 diiiis
1009 3238 1019 3266 ,
1028 3196 1156 3273 fiquidem
1166 3215 1248 3254 cornu

285 3280 368 3337 etiam
385 3278 416 3333 de
436 3277 694 3357 uuquedneeliigilur.
723 3277 794 3355 Equi
809 3293 938 3335 uocantur
959 3271 1129 3344 cornipedes
1149 3277 1179 3332 de
1192 3271 1249 3333 un-

283 3358 396 3438 guibus.
412 3358 482 3439 Vug.
492 3359 560 3417 AEn.
571 3380 607 3435 7:
623 3357 709 3420 Unde
728 3360 815 3416 etiarn
830 3352 940 3433 templo
960 3354 1047 3415 trivia
1067 3352 1194 3430 lucisque
1208 3355 1249 3418 sad

287 3433 375 3501 cratis
395 3436 567 3515 cornipedes
585 3453 718 3500 arcentur
737 3438 810 3516 equi.
829 3437 869 3498 Et
883 3438 967 3495 Silius
983 3437 1096 3498 Italicus
1115 3438 1132 3498 l.
1153 3453 1249 3516 7cor.

287 3517 407 3595 nipedio
426 3523 528 3582 nomine
553 3542 645 3600 equum
669 3523 792 3598 iudicor.-
810 3520 875 3594 jam
896 3518 985 3581 nuliis
1013 3518 1138 3583 cursibus
1163 3521 1251 3582 instat

286 3598 432 3662 Prendere
449 3601 623 3678 cornipedis.
643 3602 766 3663 Faunum
789 3622 889 3682 quoque
901 3604 1043 3681 prrsiurmu
1062 3622 1178 3682 genuum
1196 3625 1250 3663 nu·

286 3704 353 3754 men,
364 3686 488 3762 quonium
501 3686 580 3763 pedes
595 3681 727 3756 cornutos,
741 3687 864 3763 cuprinos
877 3704 964 3764 nempe
978 3685 1070 3742 luthere
1084 3683 1250 3760 fizlulaurur,

288 3764 476 3840 cornipedem
494 3765 642 3847 appellauit
657 3768 738 3826 Ouid.
749 3767 817 3845 Fosi.
833 3790 901 3839 r,2.
922 3766 985 3825 leem
1003 3767 1077 3843 Virg.
1093 3764 1142 3825 III
1153 3765 1248 3846 Georg.
1323 3789 1342 3821 ¹,

287 3847 319 3904 de
339 3868 402 3927 equo
418 3846 527 3925 loquens
546 3844 656 3920 plumas
684 3848 849 3927 ignificuuit:
872 3847 1019 3924 cavatque
1033 3844 1201 3914 Tellurem,
1220 3849 1251 3911 dr

286 3925 380 3987 solido
399 3928 525 4003 graviter
543 3927 626 3988 sonat
641 3928 749 4006 ungula
763 3947 862 3990 cornu.
879 3933 970 4010 Neque
987 3932 1099 4007 apocris
1112 3926 1259 4003 fillummoa'

286 4013 321 4070 du
336 4011 366 4068 id
380 4008 534 4089 ufirrputum
554 4010 678 4083 inuenio,
692 4013 743 4092 sid
763 4010 840 4069 eriam
856 4013 889 4069 ab
910 4012 961 4084 iis,
975 4012 1020 4092 qui
1036 4009 1114 4088 profic
1132 4011 1253 4069 oratioue

281 4088 452 4173 scripserunt.
474 4089 536 4152 Vid.
551 4092 635 4173 supra
652 4093 681 4152 in
701 4110 801 4156 cornu.
822 4095 907 4156 Varro
925 4093 999 4171 2,'9.
1018 4092 1102 4171 nestro
1121 4091 1186 4173 quid
1199 4105 1255 4153 nou

335 4175 465 4270 scruti.
479 4178 523 4247 R.
536 4176 579 4248 R.
599 4179 672 4249 Vol.
683 4179 747 4270 If,
1188 4173 1195 4210 ¹
