3425 5075
322 348 327 551 1

457 512 1170 652 'nusnicum

407 741 643 814 Antepagmenta
654 781 664 806 ,
677 734 737 795 Cat.
751 753 795 808 ιιι
821 754 869 794 unt
885 736 1026 796 uolucrum
1043 756 1210 814 ornamenta,
1224 763 1282 822 qua
1291 746 1330 805 iro

349 821 447 907 sculpi
471 819 516 881 uel
534 817 609 898 affigi
624 817 793 895 ltodicqutfh
818 835 865 891 nt,
880 821 938 898 five
951 818 1003 890 fint
1019 819 1146 880 lominum
1156 821 1331 904 fiirma,five
1421 848 1428 857 ·

362 903 531 973 ,minarum
541 902 601 978 five
619 897 732 978 gentilia
752 897 881 976 infignr'a,
895 899 965 971 ,tina
984 900 1095 960 abante
1111 899 1139 959 (a
1156 908 1330 980 pangendo,

360 976 431 1059 ¹p'ou,
445 1000 476 1042 ut
484 983 575 1062 Feslus
591 995 721 1058 nugatur,
733 979 767 1035 ab
779 976 864 1051 antia,
882 980 900 1038 i.
909 1001 930 1038 e.
942 978 1067 1038 lateribus
1079 983 1206 1062 ostiorum.
1226 987 1272 1045 Sic
1282 1006 1332 1047 an·

357 1058 450 1133 &iiiia
462 1065 616 1123 dicebantur
627 1062 707 1140 figna
718 1059 830 1136 fillilia,
846 1059 892 1118 uel
909 1080 976 1118 area
993 1060 1133 1135 inaurata,
1149 1065 1243 1143 quain
1252 1067 1332 1148 fiasli·

339 1168 353 1215 ,·-
368 1146 373 1153 ’
391 1148 419 1204 'is
434 1147 526 1207 ιιὶιιι
544 1143 715 1224 ponebantur.
734 1139 798 1201 Liv.
811 1139 858 1200 lib.
874 1161 931 1220 34:
949 1140 1076 1201 Antefiua
1093 1141 1189 1205 finilia
1202 1145 1329 1210 Deorum

369 1156 566 1290 lunationum
576 1223 712 1283 ridentes.
733 1221 779 1280 Sic
790 1222 903 1299 Popma.
914 1221 1078 1297 Faeciolati,
1093 1225 1254 1309 cujuspiam
1266 1231 1332 1309 fitne

371 1309 397 1368 a
410 1311 458 1370 lios
468 1307 612 1389 scriptores
624 1305 713 1378 merita
724 1346 733 1375 ,
746 1302 946 1380 explicationem
959 1303 1077 1362 dedimus
1093 1306 1131 1361 ad
1145 1306 1266 1371 Falsum.
1274 1312 1332 1369 Ne·

372 1413 413 1472 pte
425 1388 614 1451 contemnenda
632 1383 799 1464 Selioettgenii
817 1381 977 1461 consitium,
1002 1385 1047 1462 qui
1056 1383 1211 1465 ptffulorum
1231 1391 1277 1448 oei
1289 1412 1334 1448 m.

370 1472 520 1553 populorum
529 1487 614 1550 genus
630 1480 759 1525 autumat.
780 1465 849 1524 Certe
864 1465 902 1521 ad
916 1465 999 1544 ipsam
1010 1465 1280 1546 parietisfirmitatem
1294 1492 1334 1530 re.

366 1551 425 1632 siri
440 1552 563 1612 uidentur
579 1549 634 1607 eod.
651 1546 751 1624 capite,
767 1543 794 1603 u
810 1543 969 1627 etymologia
985 1547 1108 1605 conuenit
1122 1549 1272 1628 planiffima

406 1644 496 1706 Antes
515 1643 639 1702 sitientes
659 1636 826 1700 andrachne
843 1637 987 1716 protegit,
1007 1636 1071 1700 Col.
1092 1660 1144 1717 10,
1166 1643 1231 1723 376.
1251 1657 1333 1708 antea

371 1727 438 1808 stilti
449 1729 513 1805 sunt
524 1725 553 1785 u
573 1723 599 1782 in
612 1721 716 1795 uineis,
733 1718 802 1779 &in
823 1721 911 1800 agris,
929 1719 996 1779 &in
1015 1721 1106 1784 ltortis.
1125 1725 1253 1803 Pompon.
1275 1729 1333 1787 Or-

372 1809 443 1868 dines
453 1806 559 1887 primos
570 1803 690 1885 cujusque
705 1802 741 1860 rei
757 1823 790 1860 ex
804 1819 889 1880 etymo
900 1802 1048 1881 fignificat
1057 1802 1167 1864 videtur.
1188 1805 1240 1864 Sed
1254 1810 1333 1868 etiam
1353 1824 1370 1872 ,·

320 1888 322 1896 '
369 1890 399 1949 dc
422 1887 469 1946 liis
488 1889 523 1968 cs
537 1887 634 1946 erudita
654 1884 695 1945 cl.
712 1882 862 1942 Facciolati
879 1884 1023 1964 disputatio
1041 1884 1070 1943 in
1089 1883 1170 1946 Fabri
1185 1887 1333 1969 tltefituru'rn
1368 1965 1372 1976 ι
1454 1943 1457 1949 ,

371 1993 390 2030 a
414 1968 591 2027 nobisrclata.

356 2073 363 2083 ·
416 2059 482 2141 ssepi
499 2055 662 2122 ἰιιτιιιθῶι
680 2055 754 2118 liber
770 2055 951 2130 Democriti,
966 2054 1029 2119 Col.
1049 2077 1107 2133 ιι,
1123 2078 1147 2141 3.
1166 2062 1192 2124 i.
1205 2085 1227 2125 a.
1238 2061 1276 2125 de
1291 2082 1334 2126 re.

373 2141 584 2220 pugnantibus,
602 2139 813 2222 discordantibus
831 2138 932 2215 diffidio
954 2141 1066 2219 quodam
1085 2144 1217 2218 naturali,
1230 2137 1264 2205 ai
1280 2169 1333 2228 po·

370 2225 456 2285 tentia.
473 2225 584 2284 Plinius
600 2245 635 2283 ex
656 2223 707 2280 lias
726 2224 772 2298 (ut
783 2220 919 2300 conseiiare
935 2221 1011 2301 licet)
1030 2224 1144 2283 doilrina
1154 2227 1333 2289 Democritica

368 2301 483 2385 prodidit
499 2307 591 2364 cunila
611 2302 720 2384 conslare
737 2323 770 2362 ex
779 2301 934 2381 sympathia
949 2319 1026 2382 atque
1043 2306 1210 2383 antipathia,
1226 2309 1274 2367 ltoc
1290 2312 1334 2388 esl,
1390 2352 1393 2365 .

371 2408 403 2446 cx
421 2387 562 2446 concordia
585 2405 666 2443 rerum
684 2400 759 2462 atque
778 2382 917 2463 discordia.
946 2384 1019 2442 Nam
1043 2385 1118 2463 igne)
1144 2409 1218 2465 aqua
1245 2389 1333 2466 rasin·

369 2488 465 2550 guant:
484 2488 584 2547 aquam
591 2463 637 2547 sol
654 2465 777 2524 devorat:
796 2465 862 2522 luna
875 2462 961 2543 parit:
973 2462 1071 2542 serrum
1084 2469 1121 2524 aa
1132 2465 1165 2548 sa
1180 2467 1262 2525 traicit
1278 2490 1335 2526 ma·

369 2569 449 2631 gnis,
469 2551 587 2610 adamas
603 2541 701 2622 diffidet
719 2566 774 2606 cum
795 2561 911 2626 magnete
932 2544 962 2602 in
981 2561 1083 2609 tantum
1092 2592 1103 2619 ‚
1120 2563 1149 2606 ut
1163 2544 1249 2627 juxta
1264 2555 1334 2632 paſs.

370 2648 412 2690 tus
419 2630 522 2711 serrum
535 2650 591 2688 non
603 2629 723 2710 patiatur
734 2628 863 2708 alslralii:
881 2644 929 2685 ιιι
935 2628 965 2705 fi
981 2627 1102 2685 admotus
1119 2648 1228 2709 magma
1240 2652 1334 2712 appre-

372 2712 503 2787 henderit,
517 2709 608 2787 rapiat
624 2722 700 2790 atque
720 2707 840 2787 ansirat:
859 2724 890 2765 at
902 2708 987 2788 ipsutn
1004 2709 1150 2769 adamanta
1168 2714 1262 2791 rumpit
1265 2715 1333 2795 siin.

368 2794 428 2873 guis
449 2794 568 2852 hircinus
583 2811 667 2851 recens
685 2790 836 2849 oculitus.
853 2788 940 2869 Igitur
955 2791 1123 2852 Democritus
1138 2813 1185 2872 per
1200 2793 1268 2854 lianc
1284 2818 1335 2855 an·

372 2874 512 2953 tipatltiam
527 2873 629 2955 scripsit
641 2870 769 2951 seminam
787 2870 961 2949 menslrualem
981 2891 1122 2951 repugnare
1137 2874 1220 2934 erucis
1241 2878 1335 2937 vermi·

371 2954 456 3027 culis,
473 2973 503 3012 ιιι
513 2956 636 3013 decidant
647 2952 848 3031 entorianturque
866 2968 966 3030 repente
984 2956 1122 3032 ommstsi
1128 2976 1160 3013 ea
1172 2954 1271 3033 solutis
1281 2961 1335 3020 cri-

371 3035 450 3095 nibus
467 3033 495 3096 δ’
512 3037 582 3094 nudo
598 3036 663 3117 pede
687 3050 725 3093 ter
739 3035 875 3093 circumeat
892 3032 1028 3104 areolam,
1049 3034 1078 3092 in
1093 3056 1145 3113 qua
1164 3056 1243 3095 eruca
1263 3040 1334 3099 olera

372 3116 512 3196 insesiani:
528 3116 606 3196 super
623 3109 675 3195 qua
696 3136 723 3173 re
739 3114 887 3175 Palladius
905 3114 947 3191 fic
962 3113 1054 3193 resera:
1077 3114 1172 3193 Aliqui
1194 3115 1336 3181 feminam

376 3194 578 3256 menstrualem
592 3194 731 3272 nusquam
754 3194 898 3267 cincinni,
917 3192 1016 3252 solutis
1034 3196 1165 3273 capillis,
1188 3198 1336 3269 audisne.

376 3274 470 3337 dibus
491 3290 589 3335 contra
614 3293 708 3339 erucas
731 3278 759 3337 δι
781 3286 876 3335 cetera
901 3272 1062 3332 infestantia
1086 3273 1206 3335 hortum
1226 3276 1336 3339 faciunt
1409 3350 1411 3355 .

373 3353 509 3420 circuire.
523 3357 641 3418 Beroild

415 3447 540 3527 Antiqua
552 3449 631 3523 vitis,
646 3445 719 3510 Pall.
737 3466 790 3522 12,
809 3465 834 3521 3.
862 3443 984 3522 antiqua
999 3462 1067 3523 apes
1085 3448 1112 3509 ii
1130 3458 1257 3523 veteres,
1271 3447 1335 3519 Col.
1447 3460 1451 3468 ’

401 3577 411 3605 ,
432 3551 476 3591 ιι.
497 3531 615 3607 antiqua
635 3540 778 3603 canneta,
802 3525 871 3590 Pall.
893 3546 926 3607 3,
942 3546 988 3605 ιι.
1010 3525 1132 3604 rosaria,
1148 3527 1211 3591 Col.
1236 3550 1289 3608 ιι,
1308 3554 1335 3595 ι.

371 3551 445 3675 ian.
462 3630 496 3690 3,
511 3632 558 3673 21.
571 3612 587 3643 ⁴¹
599 3612 735 3691 antiquus
753 3610 903 3673 &Atticus
921 3608 1115 3688 confiindumur
1130 3613 1158 3671 in
1175 3613 1262 3673 MSS.
1278 3616 1335 3678 oid.

372 3693 492 3756 Atticus.
509 3693 525 3724 ⁴
536 3692 734 3770 autiquiilima
754 3690 826 3753 flues
844 3688 984 3768 pastoris,
1000 3688 1064 3751 Col.
1084 3688 1119 3762 8,
1137 3714 1166 3767 4.
1178 3711 1256 3768 pars,
1269 3693 1334 3757 Col.

400 3819 409 3849 ‚
426 3774 717 3852 21.antiquill1mum
738 3772 772 3833 stt
790 3770 982 3844 considerare,
996 3768 1059 3833 Col.
1079 3787 1110 3848 ι,
1127 3774 1155 3833 6.
1170 3775 1198 3832 ei
1214 3773 1269 3833 esse
1286 3774 1338 3835 de·

373 3793 422 3917 iet
448 3855 619 3918 conservare
642 3848 700 3919 uc.
728 3852 790 3917 col.
807 3876 843 3931 4,
864 3872 912 3914 ιο.
939 3852 979 3912 eli
998 3849 1139 3929 explorari
1163 3866 1333 3933 patentem,

373 3935 436 4002 coi
454 3938 491 4013 6,
510 3939 618 4022 36.fic.
635 3959 675 4012 2,
694 3958 722 4019 9.
739 3956 834 4017 4‚29.
848 3933 884 4009 8,
901 3954 931 4013 7.

414 4033 557 4098 Antistius
574 4033 704 4109 artium,
716 4031 745 4097 li.
758 4052 781 4093 e.
793 4029 920 4114 magistri,
936 4025 1000 4093 Col.
1017 4047 1072 4108 ιι,
1090 4046 1115 4100 ι.
1127 4025 1242 4115 ungulis
1258 4029 1336 4114 daec,
