<?xml version="1.0" encoding="UTF-8"?>
<!DOCTYPE html PUBLIC "-//W3C//DTD XHTML 1.0 Transitional//EN"
    "http://www.w3.org/TR/xhtml1/DTD/xhtml1-transitional.dtd">
<html xmlns="http://www.w3.org/1999/xhtml" xml:lang="en" lang="en">
 <head>
  <title>
</title>
<meta http-equiv="Content-Type" content="text/html;charset=utf-8" />
  <meta name='ocr-system' content='tesseract 3.04.00' />
  <meta name='ocr-capabilities' content='ocr_page ocr_carea ocr_par ocr_line ocrx_word'/>
</head>
<body>
  <div class='ocr_page' id='page_1' title='image "./scriptoresreiru01gesngoog_0355.png"; bbox 0 0 3425 5075; ppageno 0'>
   <div class='ocr_carea' id='block_1_1' title="bbox 369 557 1419 1756">
    <p class='ocr_par' dir='ltr' id='par_1_1' title="bbox 371 557 1419 845">
     <span class='ocr_line' id='line_1_1' title="bbox 548 557 1139 632; baseline 0.008 -5"><span class='ocrx_word' id='word_1_1' title='bbox 548 557 581 627; x_wconf 89' lang='lat' dir='ltr'>R</span> <span class='ocrx_word' id='word_1_2' title='bbox 629 560 664 630; x_wconf 94' lang='lat' dir='ltr'><strong>U</strong></span> <span class='ocrx_word' id='word_1_3' title='bbox 710 559 733 631; x_wconf 85' lang='lat' dir='ltr'>S·</span> <span class='ocrx_word' id='word_1_4' title='bbox 780 559 813 632; x_wconf 86' lang='lat' dir='ltr'>T</span> <span class='ocrx_word' id='word_1_5' title='bbox 862 557 877 628; x_wconf 91' lang='grc'><strong>1</strong></span> <span class='ocrx_word' id='word_1_6' title='bbox 926 557 957 628; x_wconf 88' lang='lat' dir='ltr'><strong>C</strong></span> <span class='ocrx_word' id='word_1_7' title='bbox 1007 561 1041 631; x_wconf 91' lang='lat' dir='ltr'>U</span> <span class='ocrx_word' id='word_1_8' title='bbox 1090 563 1139 632; x_wconf 88' lang='lat' dir='ltr'>M.</span> 
     </span>
     <span class='ocr_line' id='line_1_2' title="bbox 371 700 1419 845; baseline 0.01 -82"><span class='ocrx_word' id='word_1_9' title='bbox 371 700 541 845; x_wconf 47' lang='lat' dir='ltr'>C{iugiter</span> <span class='ocrx_word' id='word_1_10' title='bbox 563 703 733 766; x_wconf 79' lang='lat' dir='ltr'>aedificanda</span> <span class='ocrx_word' id='word_1_11' title='bbox 758 703 840 778; x_wconf 85' lang='lat' dir='ltr'>villa,</span> <span class='ocrx_word' id='word_1_12' title='bbox 866 703 929 767; x_wconf 92' lang='grc'><strong>001.</strong></span> <span class='ocrx_word' id='word_1_13' title='bbox 959 727 985 782; x_wconf 96' lang='grc' dir='ltr'>ι,</span> <span class='ocrx_word' id='word_1_14' title='bbox 1000 728 1027 784; x_wconf 89' lang='grc'>4.</span> <span class='ocrx_word' id='word_1_15' title='bbox 1055 707 1167 787; x_wconf 81' lang='lat' dir='ltr'>galiinae</span> <span class='ocrx_word' id='word_1_16' title='bbox 1192 710 1326 786; x_wconf 70' lang='lat' dir='ltr'>tuenda,</span> <span class='ocrx_word' id='word_1_17' title='bbox 1417 708 1419 721; x_wconf 89' lang='lat'>&#39;</span> 
     </span>
    </p>

    <p class='ocr_par' dir='ltr' id='par_1_2' title="bbox 397 804 537 859">
     <span class='ocr_line' id='line_1_3' title="bbox 397 804 537 859; baseline 0.007 -15"><span class='ocrx_word' id='word_1_18' title='bbox 397 804 434 845; x_wconf 88' lang='lat' dir='ltr'>o.</span> <span class='ocrx_word' id='word_1_19' title='bbox 483 806 537 859; x_wconf 88' lang='lat'>‚2.</span> 
     </span>
    </p>

    <p class='ocr_par' dir='ltr' id='par_1_3' title="bbox 398 865 1029 945">
     <span class='ocr_line' id='line_1_4' title="bbox 398 865 1029 945; baseline 0.005 -16"><span class='ocrx_word' id='word_1_20' title='bbox 398 865 660 945; x_wconf 77' lang='lat' dir='ltr'>Qualitercuqque</span> <span class='ocrx_word' id='word_1_21' title='bbox 679 865 829 938; x_wconf 83' lang='lat' dir='ltr'>obruatur,</span> <span class='ocrx_word' id='word_1_22' title='bbox 849 866 913 928; x_wconf 94' lang='grc'><strong>001.</strong></span> <span class='ocrx_word' id='word_1_23' title='bbox 932 887 969 943; x_wconf 93' lang='grc' dir='ltr'>ι,</span> <span class='ocrx_word' id='word_1_24' title='bbox 983 888 1029 933; x_wconf 89' lang='grc' dir='ltr'>ιο.</span> 
     </span>
    </p>

    <p class='ocr_par' dir='ltr' id='par_1_4' title="bbox 369 945 1327 1190">
     <span class='ocr_line' id='line_1_5' title="bbox 411 945 1327 1035; baseline 0.015 -30"><span class='ocrx_word' id='word_1_25' title='bbox 411 945 523 1021; x_wconf 84' lang='lat' dir='ltr'>Qualus</span> <span class='ocrx_word' id='word_1_26' title='bbox 542 949 611 1008; x_wconf 88' lang='lat' dir='ltr'>vino</span> <span class='ocrx_word' id='word_1_27' title='bbox 637 946 794 1025; x_wconf 87' lang='lat' dir='ltr'>liquando,</span> <span class='ocrx_word' id='word_1_28' title='bbox 816 947 879 1009; x_wconf 88' lang='grc'><strong>001.</strong></span> <span class='ocrx_word' id='word_1_29' title='bbox 899 970 937 1030; x_wconf 88' lang='lat'>9,</span> <span class='ocrx_word' id='word_1_30' title='bbox 957 969 1002 1029; x_wconf 81' lang='grc' dir='ltr'>ις.</span> <span class='ocrx_word' id='word_1_31' title='bbox 1027 951 1172 1027; x_wconf 87' lang='lat' dir='ltr'>pertusus,</span> <span class='ocrx_word' id='word_1_32' title='bbox 1191 951 1254 1014; x_wconf 86' lang='lat' dir='ltr'>Cat.</span> <span class='ocrx_word' id='word_1_33' title='bbox 1280 970 1327 1035; x_wconf 81' lang='grc' dir='ltr'>ςι.1</span> 
     </span>
     <span class='ocr_line' id='line_1_6' title="bbox 370 1025 1327 1112; baseline 0.009 -25"><span class='ocrx_word' id='word_1_34' title='bbox 370 1026 459 1106; x_wconf 88' lang='lat' dir='ltr'>qualo</span> <span class='ocrx_word' id='word_1_35' title='bbox 476 1027 594 1105; x_wconf 78' lang='lat' dir='ltr'>desuper</span> <span class='ocrx_word' id='word_1_36' title='bbox 612 1028 760 1089; x_wconf 87' lang='lat' dir='ltr'>muniendi</span> <span class='ocrx_word' id='word_1_37' title='bbox 775 1027 896 1101; x_wconf 88' lang='lat' dir='ltr'>surculi,</span> <span class='ocrx_word' id='word_1_38' title='bbox 908 1025 974 1090; x_wconf 86' lang='lat' dir='ltr'>Pais.</span> <span class='ocrx_word' id='word_1_39' title='bbox 990 1054 1026 1106; x_wconf 82' lang='lat'>4,</span> <span class='ocrx_word' id='word_1_40' title='bbox 1048 1051 1092 1095; x_wconf 91' lang='grc' dir='ltr'>ιο.</span> <span class='ocrx_word' id='word_1_41' title='bbox 1111 1032 1194 1110; x_wconf 84' lang='lat' dir='ltr'>quala</span> <span class='ocrx_word' id='word_1_42' title='bbox 1208 1033 1327 1112; x_wconf 87' lang='lat' dir='ltr'>satoria,</span> 
     </span>
     <span class='ocr_line' id='line_1_7' title="bbox 369 1108 901 1190; baseline -0.008 -17"><span class='ocrx_word' id='word_1_43' title='bbox 369 1111 437 1173; x_wconf 87' lang='lat' dir='ltr'>Cat.</span> <span class='ocrx_word' id='word_1_44' title='bbox 460 1129 504 1168; x_wconf 87' lang='lat'>11.</span> <span class='ocrx_word' id='word_1_45' title='bbox 517 1108 723 1190; x_wconf 76' lang='lat' dir='ltr'>mundissima,</span> <span class='ocrx_word' id='word_1_46' title='bbox 739 1108 801 1170; x_wconf 89' lang='grc'><strong>001.</strong></span> <span class='ocrx_word' id='word_1_47' title='bbox 819 1131 858 1188; x_wconf 90' lang='lat'>7,</span> <span class='ocrx_word' id='word_1_48' title='bbox 876 1126 901 1188; x_wconf 80' lang='lat'>3.</span> 
     </span>
    </p>

    <p class='ocr_par' dir='ltr' id='par_1_5' title="bbox 412 1189 1328 1272">
     <span class='ocr_line' id='line_1_8' title="bbox 412 1189 1328 1272; baseline 0.008 -24"><span class='ocrx_word' id='word_1_49' title='bbox 412 1191 561 1268; x_wconf 86' lang='lat' dir='ltr'>Quamdiu</span> <span class='ocrx_word' id='word_1_50' title='bbox 575 1190 672 1252; x_wconf 90' lang='lat' dir='ltr'>oleum</span> <span class='ocrx_word' id='word_1_51' title='bbox 690 1189 861 1263; x_wconf 87' lang='lat' dir='ltr'>conficitur,</span> <span class='ocrx_word' id='word_1_52' title='bbox 877 1191 901 1251; x_wconf 85' lang='grc' dir='ltr'>Ιι.</span> <span class='ocrx_word' id='word_1_53' title='bbox 916 1211 938 1250; x_wconf 84' lang='lat' dir='ltr'>e.</span> <span class='ocrx_word' id='word_1_54' title='bbox 952 1189 1078 1272; x_wconf 76' lang='lat' dir='ltr'>ramifper</span> <span class='ocrx_word' id='word_1_55' title='bbox 1095 1195 1178 1268; x_wconf 84' lang='lat' dir='ltr'>dum,</span> <span class='ocrx_word' id='word_1_56' title='bbox 1197 1194 1261 1259; x_wconf 83' lang='lat' dir='ltr'>Coi.</span> <span class='ocrx_word' id='word_1_57' title='bbox 1281 1217 1328 1270; x_wconf 84' lang='lat'>12,</span> 
     </span>
    </p>

    <p class='ocr_par' dir='ltr' id='par_1_6' title="bbox 369 1269 1331 1756">
     <span class='ocr_line' id='line_1_9' title="bbox 392 1269 1329 1356; baseline 0.009 -22"><span class='ocrx_word' id='word_1_58' title='bbox 392 1293 421 1334; x_wconf 88' lang='lat'>0.</span> <span class='ocrx_word' id='word_1_59' title='bbox 431 1275 470 1330; x_wconf 84' lang='lat' dir='ltr'>ira</span> <span class='ocrx_word' id='word_1_60' title='bbox 479 1272 548 1350; x_wconf 83' lang='lat' dir='ltr'>Veg.</span> <span class='ocrx_word' id='word_1_61' title='bbox 561 1272 701 1350; x_wconf 89' lang='lat' dir='ltr'>quamdiu</span> <span class='ocrx_word' id='word_1_62' title='bbox 710 1271 867 1348; x_wconf 89' lang='lat' dir='ltr'>limpidum</span> <span class='ocrx_word' id='word_1_63' title='bbox 875 1269 995 1343; x_wconf 87' lang='lat' dir='ltr'>vuinus,</span> <span class='ocrx_word' id='word_1_64' title='bbox 1007 1283 1131 1332; x_wconf 88' lang='lat' dir='ltr'>curetur.</span> <span class='ocrx_word' id='word_1_65' title='bbox 1143 1277 1187 1337; x_wconf 81' lang='lat' dir='ltr'>Sic</span> <span class='ocrx_word' id='word_1_66' title='bbox 1196 1278 1329 1356; x_wconf 76' lang='lat' dir='ltr'>lamprid.</span> 
     </span>
     <span class='ocr_line' id='line_1_10' title="bbox 401 1351 1327 1433; baseline 0.008 -23"><span class='ocrx_word' id='word_1_67' title='bbox 401 1353 455 1433; x_wconf 81' lang='lat' dir='ltr'>la&#39;g.</span> <span class='ocrx_word' id='word_1_68' title='bbox 466 1376 486 1414; x_wconf 87' lang='lat' dir='ltr'>c.</span> <span class='ocrx_word' id='word_1_69' title='bbox 495 1377 545 1430; x_wconf 88' lang='lat'>29:</span> <span class='ocrx_word' id='word_1_70' title='bbox 561 1355 590 1414; x_wconf 88' lang='lat' dir='ltr'>Si</span> <span class='ocrx_word' id='word_1_71' title='bbox 601 1354 663 1430; x_wconf 89' lang='lat' dir='ltr'>quis</span> <span class='ocrx_word' id='word_1_72' title='bbox 683 1353 814 1411; x_wconf 88' lang='lat' dir='ltr'>inventor</span> <span class='ocrx_word' id='word_1_73' title='bbox 827 1351 895 1412; x_wconf 89' lang='lat' dir='ltr'>novi</span> <span class='ocrx_word' id='word_1_74' title='bbox 910 1351 966 1412; x_wconf 88' lang='lat' dir='ltr'>cibi</span> <span class='ocrx_word' id='word_1_75' title='bbox 979 1351 1180 1429; x_wconf 85' lang='lat' dir='ltr'>displicuisset,</span> <span class='ocrx_word' id='word_1_76' title='bbox 1189 1357 1327 1430; x_wconf 86' lang='lat' dir='ltr'>jubebat,</span> 
     </span>
     <span class='ocr_line' id='line_1_11' title="bbox 370 1431 1330 1511; baseline 0.003 -15"><span class='ocrx_word' id='word_1_77' title='bbox 370 1448 405 1496; x_wconf 89' lang='lat' dir='ltr'>ut</span> <span class='ocrx_word' id='word_1_78' title='bbox 429 1435 538 1511; x_wconf 83' lang='lat' dir='ltr'>semper</span> <span class='ocrx_word' id='word_1_79' title='bbox 553 1435 583 1494; x_wconf 90' lang='lat' dir='ltr'>id</span> <span class='ocrx_word' id='word_1_80' title='bbox 594 1432 760 1506; x_wconf 82' lang='lat' dir='ltr'>-comesset,</span> <span class='ocrx_word' id='word_1_81' title='bbox 783 1431 919 1509; x_wconf 83' lang='lat' dir='ltr'>quamdiu</span> <span class='ocrx_word' id='word_1_82' title='bbox 937 1445 1033 1494; x_wconf 87' lang='lat' dir='ltr'>tamen</span> <span class='ocrx_word' id='word_1_83' title='bbox 1053 1433 1155 1495; x_wconf 83' lang='lat' dir='ltr'>meiius</span> <span class='ocrx_word' id='word_1_84' title='bbox 1170 1438 1330 1499; x_wconf 87' lang='lat' dir='ltr'>invenisset.</span> 
     </span>
     <span class='ocr_line' id='line_1_12' title="bbox 369 1512 1328 1597; baseline 0.007 -23"><span class='ocrx_word' id='word_1_85' title='bbox 369 1515 446 1576; x_wconf 85' lang='lat' dir='ltr'>Add.</span> <span class='ocrx_word' id='word_1_86' title='bbox 465 1515 534 1593; x_wconf 84' lang='lat' dir='ltr'>Veg.</span> <span class='ocrx_word' id='word_1_87' title='bbox 552 1535 578 1594; x_wconf 85' lang='lat'>3,</span> <span class='ocrx_word' id='word_1_88' title='bbox 598 1535 611 1594; x_wconf 79' lang='lat'>3</span> <span class='ocrx_word' id='word_1_89' title='bbox 632 1513 659 1577; x_wconf 91' lang='lat' dir='ltr'>b.</span> <span class='ocrx_word' id='word_1_90' title='bbox 671 1514 783 1591; x_wconf 71' lang='lat' dir='ltr'>*quam</span> <span class='ocrx_word' id='word_1_91' title='bbox 802 1512 931 1593; x_wconf 75' lang='lat' dir='ltr'>pluribus</span> <span class='ocrx_word' id='word_1_92' title='bbox 949 1514 1031 1593; x_wconf 76' lang='lat' dir='ltr'>signis</span> <span class='ocrx_word' id='word_1_93' title='bbox 1040 1558 1052 1593; x_wconf 86' lang='lat'>,</span> <span class='ocrx_word' id='word_1_94' title='bbox 1070 1514 1140 1579; x_wconf 85' lang='lat' dir='ltr'>Pall.</span> <span class='ocrx_word' id='word_1_95' title='bbox 1152 1538 1183 1595; x_wconf 86' lang='lat'>7,</span> <span class='ocrx_word' id='word_1_96' title='bbox 1195 1539 1225 1597; x_wconf 89' lang='lat'>7.</span> <span class='ocrx_word' id='word_1_97' title='bbox 1239 1534 1328 1595; x_wconf 89' lang='lat' dir='ltr'>quam</span> 
     </span>
     <span class='ocr_line' id='line_1_13' title="bbox 370 1594 1328 1675; baseline 0.003 -19"><span class='ocrx_word' id='word_1_98' title='bbox 370 1599 518 1671; x_wconf 90' lang='lat' dir='ltr'>optimum</span> <span class='ocrx_word' id='word_1_99' title='bbox 540 1609 672 1671; x_wconf 90' lang='lat' dir='ltr'>acetum,</span> <span class='ocrx_word' id='word_1_100' title='bbox 697 1594 759 1656; x_wconf 88' lang='lat' dir='ltr'>Col.</span> <span class='ocrx_word' id='word_1_101' title='bbox 787 1615 838 1667; x_wconf 88' lang='grc' dir='ltr'>ιι,</span> <span class='ocrx_word' id='word_1_102' title='bbox 860 1597 905 1658; x_wconf 92' lang='lat'>16.</span> <span class='ocrx_word' id='word_1_103' title='bbox 922 1598 938 1628; x_wconf 71' lang='lat'>’⁶</span> <span class='ocrx_word' id='word_1_104' title='bbox 955 1614 1042 1674; x_wconf 90' lang='lat' dir='ltr'>quam</span> <span class='ocrx_word' id='word_1_105' title='bbox 1066 1598 1178 1674; x_wconf 91' lang='lat' dir='ltr'>optime</span> <span class='ocrx_word' id='word_1_106' title='bbox 1199 1599 1328 1675; x_wconf 83' lang='lat' dir='ltr'>poteris,</span> 
     </span>
     <span class='ocr_line' id='line_1_14' title="bbox 370 1673 1331 1756; baseline 0.002 -18"><span class='ocrx_word' id='word_1_107' title='bbox 370 1676 436 1738; x_wconf 84' lang='lat' dir='ltr'>Cat.</span> <span class='ocrx_word' id='word_1_108' title='bbox 458 1677 529 1739; x_wconf 77' lang='lat'>28.*</span> <span class='ocrx_word' id='word_1_109' title='bbox 544 1677 671 1755; x_wconf 79' lang='lat' dir='ltr'>duplicia¹</span> <span class='ocrx_word' id='word_1_110' title='bbox 691 1676 796 1756; x_wconf 86' lang='lat' dir='ltr'>quam,</span> <span class='ocrx_word' id='word_1_111' title='bbox 814 1673 878 1738; x_wconf 94' lang='grc'><strong>001.</strong></span> <span class='ocrx_word' id='word_1_112' title='bbox 898 1697 923 1751; x_wconf 91' lang='grc' dir='ltr'>ι,</span> <span class='ocrx_word' id='word_1_113' title='bbox 944 1676 973 1739; x_wconf 88' lang='lat'>8.</span> <span class='ocrx_word' id='word_1_114' title='bbox 987 1681 1002 1710; x_wconf 67' lang='lat'>⁴*</span> <span class='ocrx_word' id='word_1_115' title='bbox 1014 1696 1074 1739; x_wconf 90' lang='lat' dir='ltr'>non</span> <span class='ocrx_word' id='word_1_116' title='bbox 1091 1677 1172 1738; x_wconf 84' lang='lat' dir='ltr'>aliter</span> <span class='ocrx_word' id='word_1_117' title='bbox 1186 1698 1272 1756; x_wconf 88' lang='lat' dir='ltr'>quam</span> <span class='ocrx_word' id='word_1_118' title='bbox 1291 1680 1331 1755; x_wconf 87' lang='lat' dir='ltr'>sr,</span> 
     </span>
    </p>
   </div>
   <div class='ocr_carea' id='block_1_2' title="bbox 371 1756 1434 1841">
    <p class='ocr_par' dir='ltr' id='par_1_7' title="bbox 371 1756 1434 1841">
     <span class='ocr_line' id='line_1_15' title="bbox 371 1756 1434 1841; baseline -0.007 -22"><span class='ocrx_word' id='word_1_119' title='bbox 371 1756 436 1819; x_wconf 87' lang='lat' dir='ltr'>col.</span> <span class='ocrx_word' id='word_1_120' title='bbox 458 1780 498 1834; x_wconf 85' lang='lat'>4,</span> <span class='ocrx_word' id='word_1_121' title='bbox 514 1780 540 1819; x_wconf 83' lang='lat'>2.</span> <span class='ocrx_word' id='word_1_122' title='bbox 555 1758 569 1788; x_wconf 75' lang='lat'><em>*</em></span> <span class='ocrx_word' id='word_1_123' title='bbox 587 1778 672 1834; x_wconf 88' lang='lat' dir='ltr'>quam</span> <span class='ocrx_word' id='word_1_124' title='bbox 692 1757 849 1835; x_wconf 88' lang='lat' dir='ltr'>plurimum</span> <span class='ocrx_word' id='word_1_125' title='bbox 866 1791 901 1804; x_wconf 94' lang='lat'>-</span> <span class='ocrx_word' id='word_1_126' title='bbox 918 1768 976 1818; x_wconf 92' lang='lat' dir='ltr'>tam</span> <span class='ocrx_word' id='word_1_127' title='bbox 1005 1757 1157 1835; x_wconf 81' lang='lat' dir='ltr'>citissime,</span> <span class='ocrx_word' id='word_1_128' title='bbox 1173 1759 1238 1822; x_wconf 84' lang='lat' dir='ltr'>Cat.</span> <span class='ocrx_word' id='word_1_129' title='bbox 1263 1781 1329 1841; x_wconf 82' lang='lat'>¹57·</span> <span class='ocrx_word' id='word_1_130' title='bbox 1431 1806 1434 1812; x_wconf 82' lang='grc'><strong>.</strong></span> 
     </span>
    </p>
   </div>
   <div class='ocr_carea' id='block_1_3' title="bbox 348 1839 1408 4122">
    <p class='ocr_par' dir='ltr' id='par_1_8' title="bbox 370 1839 1369 2075">
     <span class='ocr_line' id='line_1_16' title="bbox 370 1839 1369 1922; baseline 0.003 -23"><span class='ocrx_word' id='word_1_131' title='bbox 370 1859 458 1922; x_wconf 86' lang='lat' dir='ltr'>quam</span> <span class='ocrx_word' id='word_1_132' title='bbox 478 1839 608 1901; x_wconf 75' lang='lat' dir='ltr'>citissime</span> <span class='ocrx_word' id='word_1_133' title='bbox 622 1874 673 1888; x_wconf 87' lang='lat'>-</span> <span class='ocrx_word' id='word_1_134' title='bbox 694 1850 755 1899; x_wconf 85' lang='lat' dir='ltr'>tam</span> <span class='ocrx_word' id='word_1_135' title='bbox 783 1839 924 1914; x_wconf 81' lang='lat' dir='ltr'>maxime,</span> <span class='ocrx_word' id='word_1_136' title='bbox 948 1839 1010 1900; x_wconf 88' lang='lat' dir='ltr'>Cat.</span> <span class='ocrx_word' id='word_1_137' title='bbox 1033 1841 1080 1916; x_wconf 87' lang='lat'>64.</span> <span class='ocrx_word' id='word_1_138' title='bbox 1101 1858 1186 1917; x_wconf 88' lang='lat' dir='ltr'>quam</span> <span class='ocrx_word' id='word_1_139' title='bbox 1210 1841 1331 1902; x_wconf 64' lang='lat' dir='ltr'>diutisii⁴</span> <span class='ocrx_word' id='word_1_140' title='bbox 1367 1897 1369 1901; x_wconf 89' lang='lat'>.</span> 
     </span>
     <span class='ocr_line' id='line_1_17' title="bbox 372 1918 1332 2001; baseline 0.004 -19"><span class='ocrx_word' id='word_1_141' title='bbox 372 1940 422 1982; x_wconf 89' lang='lat' dir='ltr'>me</span> <span class='ocrx_word' id='word_1_142' title='bbox 432 1954 466 1968; x_wconf 91' lang='lat'>·-</span> <span class='ocrx_word' id='word_1_143' title='bbox 478 1922 536 1980; x_wconf 87' lang='lat' dir='ltr'>tam</span> <span class='ocrx_word' id='word_1_144' title='bbox 554 1921 755 1994; x_wconf 89' lang='lat' dir='ltr'>deterrimum,</span> <span class='ocrx_word' id='word_1_145' title='bbox 765 1921 829 1984; x_wconf 82' lang='lat' dir='ltr'>ibid.</span> <span class='ocrx_word' id='word_1_146' title='bbox 845 1939 933 1999; x_wconf 87' lang='lat' dir='ltr'>quam</span> <span class='ocrx_word' id='word_1_147' title='bbox 946 1918 1174 1998; x_wconf 83' lang='lat' dir='ltr'>pauciffimos—</span> <span class='ocrx_word' id='word_1_148' title='bbox 1185 1934 1245 1984; x_wconf 88' lang='lat' dir='ltr'>tam</span> <span class='ocrx_word' id='word_1_149' title='bbox 1257 1922 1332 2001; x_wconf 58' lang='lat' dir='ltr'>optis</span> 
     </span>
     <span class='ocr_line' id='line_1_18' title="bbox 373 2003 1213 2075; baseline -0.004 -12"><span class='ocrx_word' id='word_1_150' title='bbox 373 2003 429 2073; x_wconf 86' lang='lat' dir='ltr'>mi,</span> <span class='ocrx_word' id='word_1_151' title='bbox 454 2003 590 2075; x_wconf 81' lang='lat' dir='ltr'>Vama,</span> <span class='ocrx_word' id='word_1_152' title='bbox 633 2049 640 2064; x_wconf 92' lang='lat'><strong><em>.</em></strong></span> <span class='ocrx_word' id='word_1_153' title='bbox 1098 2052 1100 2059; x_wconf 90' lang='grc'><strong>.</strong></span> <span class='ocrx_word' id='word_1_154' title='bbox 1208 2014 1213 2029; x_wconf 85' lang='lat'>&#39;·</span> 
     </span>
    </p>

    <p class='ocr_par' dir='ltr' id='par_1_9' title="bbox 371 2025 1333 2244">
     <span class='ocr_line' id='line_1_19' title="bbox 379 2025 1333 2170; baseline 0.006 -29"><span class='ocrx_word' id='word_1_155' title='bbox 379 2077 381 2082; x_wconf 76' lang='grc'><strong>’</strong></span> <span class='ocrx_word' id='word_1_156' title='bbox 412 2083 552 2158; x_wconf 87' lang='lat' dir='ltr'>Quamvis</span> <span class='ocrx_word' id='word_1_157' title='bbox 567 2025 712 2144; x_wconf 65' lang='lat' dir='ltr'>hostanos</span> <span class='ocrx_word' id='word_1_158' title='bbox 727 2081 833 2159; x_wconf 90' lang='lat' dir='ltr'>homo,</span> <span class='ocrx_word' id='word_1_159' title='bbox 845 2084 872 2145; x_wconf 85' lang='grc' dir='ltr'>Ιι.</span> <span class='ocrx_word' id='word_1_160' title='bbox 887 2104 909 2144; x_wconf 85' lang='lat' dir='ltr'>e.</span> <span class='ocrx_word' id='word_1_161' title='bbox 925 2081 1136 2162; x_wconf 76' lang='lat' dir='ltr'>humanifflmus,</span> <span class='ocrx_word' id='word_1_162' title='bbox 1151 2083 1230 2150; x_wconf 80' lang='lat' dir='ltr'>Varr.</span> <span class='ocrx_word' id='word_1_163' title='bbox 1250 2106 1286 2161; x_wconf 86' lang='lat'>2,</span> <span class='ocrx_word' id='word_1_164' title='bbox 1304 2099 1333 2170; x_wconf 73' lang='lat'>5:</span> 
     </span>
     <span class='ocr_line' id='line_1_20' title="bbox 371 2162 1026 2244; baseline 0.003 -21"><span class='ocrx_word' id='word_1_165' title='bbox 371 2164 502 2243; x_wconf 88' lang='lat' dir='ltr'>quamvis</span> <span class='ocrx_word' id='word_1_166' title='bbox 520 2165 709 2226; x_wconf 88' lang='lat' dir='ltr'>mundissrmae</span> <span class='ocrx_word' id='word_1_167' title='bbox 727 2163 849 2236; x_wconf 85' lang='lat' dir='ltr'>tabulae,</span> <span class='ocrx_word' id='word_1_168' title='bbox 862 2162 930 2226; x_wconf 91' lang='grc'><strong>001.</strong></span> <span class='ocrx_word' id='word_1_169' title='bbox 946 2185 983 2244; x_wconf 87' lang='lat'>7,</span> <span class='ocrx_word' id='word_1_170' title='bbox 997 2164 1026 2226; x_wconf 92' lang='lat'>8.</span> 
     </span>
    </p>

    <p class='ocr_par' dir='ltr' id='par_1_10' title="bbox 371 2244 1408 2489">
     <span class='ocr_line' id='line_1_21' title="bbox 413 2244 1408 2324; baseline 0.001 -21"><span class='ocrx_word' id='word_1_171' title='bbox 413 2245 612 2323; x_wconf 74' lang='lat' dir='ltr'>Qudndoque,</span> <span class='ocrx_word' id='word_1_172' title='bbox 636 2246 889 2322; x_wconf 85' lang='lat' dir='ltr'>quandocunque,</span> <span class='ocrx_word' id='word_1_173' title='bbox 915 2244 978 2308; x_wconf 93' lang='grc'><strong>001.</strong></span> <span class='ocrx_word' id='word_1_174' title='bbox 1003 2268 1038 2322; x_wconf 91' lang='grc' dir='ltr'>ι,</span> <span class='ocrx_word' id='word_1_175' title='bbox 1062 2248 1122 2322; x_wconf 64' lang='grc'><strong>410</strong></span> <span class='ocrx_word' id='word_1_176' title='bbox 1143 2265 1188 2309; x_wconf 88' lang='grc' dir='ltr'><strong>ιο.</strong></span> <span class='ocrx_word' id='word_1_177' title='bbox 1214 2267 1254 2324; x_wconf 91' lang='grc'>4,</span> <span class='ocrx_word' id='word_1_178' title='bbox 1280 2269 1330 2324; x_wconf 86' lang='grc' dir='ltr'>ι4.</span> <span class='ocrx_word' id='word_1_179' title='bbox 1406 2302 1408 2304; x_wconf 82' lang='grc'><strong>,</strong></span> 
     </span>
     <span class='ocr_line' id='line_1_22' title="bbox 372 2326 1331 2412; baseline 0.001 -24"><span class='ocrx_word' id='word_1_180' title='bbox 372 2327 401 2388; x_wconf 65' lang='grc' dir='ltr'>δ’</span> <span class='ocrx_word' id='word_1_181' title='bbox 418 2329 485 2386; x_wconf 88' lang='lat' dir='ltr'>MS.</span> <span class='ocrx_word' id='word_1_182' title='bbox 509 2329 543 2387; x_wconf 88' lang='lat' dir='ltr'>Li</span> <span class='ocrx_word' id='word_1_183' title='bbox 556 2328 582 2406; x_wconf 69' lang='lat' dir='ltr'><em>fi</em></span> <span class='ocrx_word' id='word_1_184' title='bbox 602 2348 639 2408; x_wconf 84' lang='lat'>7,</span> <span class='ocrx_word' id='word_1_185' title='bbox 662 2351 691 2402; x_wconf 82' lang='lat'>4.</span> <span class='ocrx_word' id='word_1_186' title='bbox 719 2329 763 2390; x_wconf 85' lang='lat' dir='ltr'>Sic</span> <span class='ocrx_word' id='word_1_187' title='bbox 788 2326 971 2405; x_wconf 82' lang='lat' dir='ltr'>quotiesque,</span> <span class='ocrx_word' id='word_1_188' title='bbox 989 2333 1020 2387; x_wconf 81' lang='lat' dir='ltr'>de</span> <span class='ocrx_word' id='word_1_189' title='bbox 1038 2349 1089 2408; x_wconf 84' lang='lat' dir='ltr'>quo</span> <span class='ocrx_word' id='word_1_190' title='bbox 1106 2330 1331 2412; x_wconf 47' lang='grc'><strong>[0010001400</strong></span> 
     </span>
     <span class='ocr_line' id='line_1_23' title="bbox 371 2349 699 2489; baseline 0.006 -24"><span class='ocrx_word' id='word_1_191' title='bbox 371 2408 520 2478; x_wconf 76' lang='lat' dir='ltr'>interdum,</span> <span class='ocrx_word' id='word_1_192' title='bbox 537 2349 601 2469; x_wconf 56' lang='grc'><strong>101.</strong></span> <span class='ocrx_word' id='word_1_193' title='bbox 618 2430 656 2486; x_wconf 90' lang='lat'>7,</span> <span class='ocrx_word' id='word_1_194' title='bbox 675 2428 699 2489; x_wconf 79' lang='lat'>3.</span> 
     </span>
    </p>

    <p class='ocr_par' dir='ltr' id='par_1_11' title="bbox 375 2485 1331 2652">
     <span class='ocr_line' id='line_1_24' title="bbox 376 2485 1331 2571; baseline 0.005 -24"><span class='ocrx_word' id='word_1_195' title='bbox 376 2563 384 2570; x_wconf 89' lang='lat'>.</span> <span class='ocrx_word' id='word_1_196' title='bbox 409 2489 535 2566; x_wconf 81' lang='lat' dir='ltr'>Quanto</span> <span class='ocrx_word' id='word_1_197' title='bbox 551 2487 806 2567; x_wconf 69' lang='lat' dir='ltr'>saepius-tanto</span> <span class='ocrx_word' id='word_1_198' title='bbox 827 2486 982 2566; x_wconf 81' lang='lat' dir='ltr'>liquidius,</span> <span class='ocrx_word' id='word_1_199' title='bbox 998 2485 1061 2549; x_wconf 86' lang='lat' dir='ltr'>Col.</span> <span class='ocrx_word' id='word_1_200' title='bbox 1085 2505 1137 2564; x_wconf 86' lang='grc' dir='ltr'>ιι,</span> <span class='ocrx_word' id='word_1_201' title='bbox 1157 2507 1202 2571; x_wconf 83' lang='grc' dir='ltr'><strong>ςο.</strong></span> <span class='ocrx_word' id='word_1_202' title='bbox 1222 2498 1331 2568; x_wconf 81' lang='lat' dir='ltr'>quanto</span> 
     </span>
     <span class='ocr_line' id='line_1_25' title="bbox 375 2568 1282 2652; baseline 0.001 -21"><span class='ocrx_word' id='word_1_203' title='bbox 375 2568 542 2631; x_wconf 84' lang='lat' dir='ltr'>foecundior</span> <span class='ocrx_word' id='word_1_204' title='bbox 553 2570 607 2646; x_wconf 89' lang='lat' dir='ltr'>est,</span> <span class='ocrx_word' id='word_1_205' title='bbox 627 2573 696 2652; x_wconf 86' lang='lat' dir='ltr'>(om.</span> <span class='ocrx_word' id='word_1_206' title='bbox 714 2583 795 2644; x_wconf 86' lang='lat' dir='ltr'>tanto</span> <span class='ocrx_word' id='word_1_207' title='bbox 803 2572 818 2649; x_wconf 86' lang='lat'><em>)</em></span> <span class='ocrx_word' id='word_1_208' title='bbox 836 2569 958 2630; x_wconf 89' lang='lat' dir='ltr'>celerius</span> <span class='ocrx_word' id='word_1_209' title='bbox 973 2568 1111 2645; x_wconf 82' lang='lat' dir='ltr'>senescit,</span> <span class='ocrx_word' id='word_1_210' title='bbox 1127 2570 1190 2632; x_wconf 91' lang='grc'><strong>001.</strong></span> <span class='ocrx_word' id='word_1_211' title='bbox 1210 2589 1238 2649; x_wconf 90' lang='lat'>7,</span> <span class='ocrx_word' id='word_1_212' title='bbox 1253 2592 1282 2652; x_wconf 90' lang='lat'>9.</span> 
     </span>
    </p>

    <p class='ocr_par' dir='ltr' id='par_1_12' title="bbox 374 2649 1333 2896">
     <span class='ocr_line' id='line_1_26' title="bbox 418 2649 1331 2735; baseline 0.007 -28"><span class='ocrx_word' id='word_1_213' title='bbox 418 2650 551 2725; x_wconf 81' lang='lat' dir='ltr'>Quanta,</span> <span class='ocrx_word' id='word_1_214' title='bbox 572 2673 618 2732; x_wconf 81' lang='lat' dir='ltr'>pro</span> <span class='ocrx_word' id='word_1_215' title='bbox 636 2671 705 2735; x_wconf 80' lang='lat' dir='ltr'>quor.</span> <span class='ocrx_word' id='word_1_216' title='bbox 726 2650 840 2713; x_wconf 82' lang='lat' dir='ltr'>semina</span> <span class='ocrx_word' id='word_1_217' title='bbox 853 2649 978 2728; x_wconf 80' lang='lat' dir='ltr'>asparagi</span> <span class='ocrx_word' id='word_1_218' title='bbox 999 2664 1104 2727; x_wconf 83' lang='lat' dir='ltr'>quanta</span> <span class='ocrx_word' id='word_1_219' title='bbox 1120 2652 1211 2713; x_wconf 81' lang='lat' dir='ltr'>tribus</span> <span class='ocrx_word' id='word_1_220' title='bbox 1231 2653 1331 2731; x_wconf 67' lang='lat' dir='ltr'>digitio</span> 
     </span>
     <span class='ocr_line' id='line_1_27' title="bbox 374 2728 1333 2813; baseline 0.011 -23"><span class='ocrx_word' id='word_1_221' title='bbox 374 2728 620 2807; x_wconf 82' lang='lat' dir='ltr'>comprehendere</span> <span class='ocrx_word' id='word_1_222' title='bbox 632 2734 731 2809; x_wconf 83' lang='lat' dir='ltr'>possrs,</span> <span class='ocrx_word' id='word_1_223' title='bbox 749 2731 820 2793; x_wconf 86' lang='lat' dir='ltr'>Pais.</span> <span class='ocrx_word' id='word_1_224' title='bbox 837 2756 869 2807; x_wconf 86' lang='lat'>4,</span> <span class='ocrx_word' id='word_1_225' title='bbox 883 2754 911 2813; x_wconf 88' lang='lat'>9.</span> <span class='ocrx_word' id='word_1_226' title='bbox 928 2749 1069 2809; x_wconf 88' lang='lat' dir='ltr'>quantum</span> <span class='ocrx_word' id='word_1_227' title='bbox 1083 2732 1257 2811; x_wconf 86' lang='lat' dir='ltr'>plurimum,</span> <span class='ocrx_word' id='word_1_228' title='bbox 1268 2732 1333 2801; x_wconf 83' lang='lat' dir='ltr'>eol.</span> 
     </span>
     <span class='ocr_line' id='line_1_28' title="bbox 378 2812 1174 2896; baseline 0.006 -23"><span class='ocrx_word' id='word_1_229' title='bbox 378 2830 434 2882; x_wconf 83' lang='grc' dir='ltr'>ιι,</span> <span class='ocrx_word' id='word_1_230' title='bbox 451 2831 497 2872; x_wconf 88' lang='grc' dir='ltr'>ιι.</span> <span class='ocrx_word' id='word_1_231' title='bbox 515 2825 651 2889; x_wconf 87' lang='lat' dir='ltr'>quantum</span> <span class='ocrx_word' id='word_1_232' title='bbox 668 2817 738 2895; x_wconf 81' lang='lat' dir='ltr'>(ine.</span> <span class='ocrx_word' id='word_1_233' title='bbox 754 2832 825 2891; x_wconf 83' lang='lat' dir='ltr'>opus</span> <span class='ocrx_word' id='word_1_234' title='bbox 841 2813 904 2889; x_wconf 91' lang='lat' dir='ltr'>est)</span> <span class='ocrx_word' id='word_1_235' title='bbox 922 2829 972 2891; x_wconf 88' lang='lat' dir='ltr'>ut,</span> <span class='ocrx_word' id='word_1_236' title='bbox 989 2812 1052 2877; x_wconf 87' lang='grc'><strong>001.</strong></span> <span class='ocrx_word' id='word_1_237' title='bbox 1069 2838 1105 2892; x_wconf 90' lang='grc' dir='ltr'>ι,</span> <span class='ocrx_word' id='word_1_238' title='bbox 1129 2835 1174 2896; x_wconf 76' lang='grc' dir='ltr'>ιι.</span> 
     </span>
    </p>

    <p class='ocr_par' dir='ltr' id='par_1_13' title="bbox 416 2892 944 2974">
     <span class='ocr_line' id='line_1_29' title="bbox 416 2892 944 2974; baseline 0.009 -24"><span class='ocrx_word' id='word_1_239' title='bbox 416 2892 605 2969; x_wconf 87' lang='lat' dir='ltr'>Quantalibet</span> <span class='ocrx_word' id='word_1_240' title='bbox 624 2894 745 2969; x_wconf 83' lang='lat' dir='ltr'>saevitia,</span> <span class='ocrx_word' id='word_1_241' title='bbox 761 2895 823 2957; x_wconf 91' lang='lat' dir='ltr'>Col.</span> <span class='ocrx_word' id='word_1_242' title='bbox 846 2895 881 2969; x_wconf 90' lang='lat'>8,</span> <span class='ocrx_word' id='word_1_243' title='bbox 901 2916 944 2974; x_wconf 91' lang='lat'>¹7·</span> 
     </span>
    </p>

    <p class='ocr_par' dir='ltr' id='par_1_14' title="bbox 416 2974 949 3050">
     <span class='ocr_line' id='line_1_30' title="bbox 416 2974 949 3050; baseline -0.002 -16"><span class='ocrx_word' id='word_1_244' title='bbox 416 2974 603 3049; x_wconf 83' lang='lat' dir='ltr'>Quartanaria</span> <span class='ocrx_word' id='word_1_245' title='bbox 627 2974 823 3050; x_wconf 78' lang='lat' dir='ltr'>tabula,Pail.</span> <span class='ocrx_word' id='word_1_246' title='bbox 849 2996 882 3049; x_wconf 86' lang='lat'>2,</span> <span class='ocrx_word' id='word_1_247' title='bbox 903 2996 949 3034; x_wconf 88' lang='grc' dir='ltr'><strong>ιι.</strong></span> 
     </span>
    </p>

    <p class='ocr_par' dir='ltr' id='par_1_15' title="bbox 416 3053 1218 3138">
     <span class='ocr_line' id='line_1_31' title="bbox 416 3053 1218 3138; baseline 0.001 -24"><span class='ocrx_word' id='word_1_248' title='bbox 416 3055 581 3131; x_wconf 79' lang='lat' dir='ltr'>Quartanus</span> <span class='ocrx_word' id='word_1_249' title='bbox 602 3054 735 3127; x_wconf 82' lang='lat' dir='ltr'>sulfuris,</span> <span class='ocrx_word' id='word_1_250' title='bbox 758 3056 819 3116; x_wconf 86' lang='lat' dir='ltr'>Cat.</span> <span class='ocrx_word' id='word_1_251' title='bbox 834 3072 883 3133; x_wconf 83' lang='lat'>95.</span> <span class='ocrx_word' id='word_1_252' title='bbox 907 3053 1020 3129; x_wconf 87' lang='lat' dir='ltr'>messis,</span> <span class='ocrx_word' id='word_1_253' title='bbox 1036 3054 1103 3117; x_wconf 91' lang='grc'><strong>001.</strong></span> <span class='ocrx_word' id='word_1_254' title='bbox 1124 3075 1176 3128; x_wconf 89' lang='grc' dir='ltr'>ιι,</span> <span class='ocrx_word' id='word_1_255' title='bbox 1193 3073 1218 3138; x_wconf 86' lang='lat'>5.</span> 
     </span>
    </p>

    <p class='ocr_par' dir='ltr' id='par_1_16' title="bbox 348 3131 1335 3377">
     <span class='ocr_line' id='line_1_32' title="bbox 407 3131 1335 3219; baseline -0.005 -22"><span class='ocrx_word' id='word_1_256' title='bbox 407 3143 482 3197; x_wconf 86' lang='lat' dir='ltr'>&#39;cum</span> <span class='ocrx_word' id='word_1_257' title='bbox 500 3136 614 3213; x_wconf 86' lang='lat' dir='ltr'>Quarto</span> <span class='ocrx_word' id='word_1_258' title='bbox 635 3136 751 3213; x_wconf 88' lang='lat' dir='ltr'>quando</span> <span class='ocrx_word' id='word_1_259' title='bbox 771 3133 970 3213; x_wconf 88' lang='lat' dir='ltr'>responderint</span> <span class='ocrx_word' id='word_1_260' title='bbox 985 3133 1147 3210; x_wconf 84' lang='lat' dir='ltr'>frumenta,</span> <span class='ocrx_word' id='word_1_261' title='bbox 1166 3131 1231 3196; x_wconf 83' lang='lat' dir='ltr'>Coi.</span> <span class='ocrx_word' id='word_1_262' title='bbox 1251 3156 1287 3219; x_wconf 79' lang='lat'>3,</span> <span class='ocrx_word' id='word_1_263' title='bbox 1304 3158 1335 3206; x_wconf 65' lang='grc' dir='ltr'><strong>ι,</strong></span> 
     </span>
     <span class='ocr_line' id='line_1_33' title="bbox 376 3214 1331 3300; baseline 0 -23"><span class='ocrx_word' id='word_1_264' title='bbox 376 3233 483 3294; x_wconf 86' lang='lat' dir='ltr'>quartae</span> <span class='ocrx_word' id='word_1_265' title='bbox 502 3232 579 3290; x_wconf 87' lang='lat' dir='ltr'>tres,</span> <span class='ocrx_word' id='word_1_266' title='bbox 599 3216 661 3277; x_wconf 93' lang='grc'><strong>001.</strong></span> <span class='ocrx_word' id='word_1_267' title='bbox 689 3236 721 3298; x_wconf 87' lang='lat'>5,</span> <span class='ocrx_word' id='word_1_268' title='bbox 748 3237 772 3275; x_wconf 89' lang='lat'>1.</span> <span class='ocrx_word' id='word_1_269' title='bbox 799 3228 897 3291; x_wconf 87' lang='lat' dir='ltr'>quarta</span> <span class='ocrx_word' id='word_1_270' title='bbox 919 3215 1032 3294; x_wconf 85' lang='lat' dir='ltr'>decima</span> <span class='ocrx_word' id='word_1_271' title='bbox 1055 3232 1143 3291; x_wconf 82' lang='lat' dir='ltr'>pars,</span> <span class='ocrx_word' id='word_1_272' title='bbox 1164 3214 1227 3276; x_wconf 91' lang='grc'><strong>001.</strong></span> <span class='ocrx_word' id='word_1_273' title='bbox 1252 3237 1287 3300; x_wconf 86' lang='lat'>5,</span> <span class='ocrx_word' id='word_1_274' title='bbox 1305 3238 1331 3279; x_wconf 84' lang='lat'>2.</span> 
     </span>
     <span class='ocr_line' id='line_1_34' title="bbox 348 3293 974 3377; baseline -0.005 -19"><span class='ocrx_word' id='word_1_275' title='bbox 348 3299 353 3310; x_wconf 72' lang='grc'><strong>“</strong></span> <span class='ocrx_word' id='word_1_276' title='bbox 375 3299 609 3377; x_wconf 86' lang='lat' dir='ltr'>quartodecimo</span> <span class='ocrx_word' id='word_1_277' title='bbox 629 3296 692 3359; x_wconf 86' lang='lat' dir='ltr'>Kal.</span> <span class='ocrx_word' id='word_1_278' title='bbox 713 3293 861 3357; x_wconf 76' lang='grc'><strong>1100001.</strong></span> <span class='ocrx_word' id='word_1_279' title='bbox 880 3315 926 3366; x_wconf 82' lang='lat'>11,</span> <span class='ocrx_word' id='word_1_280' title='bbox 949 3317 974 3355; x_wconf 86' lang='lat'>2.</span> 
     </span>
    </p>

    <p class='ocr_par' dir='ltr' id='par_1_17' title="bbox 418 3376 988 3459">
     <span class='ocr_line' id='line_1_35' title="bbox 418 3376 988 3459; baseline -0.009 -16"><span class='ocrx_word' id='word_1_281' title='bbox 418 3382 503 3459; x_wconf 76' lang='lat' dir='ltr'>Quasi</span> <span class='ocrx_word' id='word_1_282' title='bbox 522 3398 620 3439; x_wconf 87' lang='lat' dir='ltr'>ervum</span> <span class='ocrx_word' id='word_1_283' title='bbox 642 3381 718 3438; x_wconf 87' lang='lat' dir='ltr'>mica</span> <span class='ocrx_word' id='word_1_284' title='bbox 737 3376 820 3454; x_wconf 85' lang='lat' dir='ltr'>salis,</span> <span class='ocrx_word' id='word_1_285' title='bbox 838 3376 900 3439; x_wconf 82' lang='lat' dir='ltr'>Cat.</span> <span class='ocrx_word' id='word_1_286' title='bbox 925 3376 988 3458; x_wconf 77' lang='lat'>156.</span> 
     </span>
    </p>

    <p class='ocr_par' dir='ltr' id='par_1_18' title="bbox 415 3459 955 3537">
     <span class='ocr_line' id='line_1_36' title="bbox 415 3459 955 3537; baseline 0.009 -16"><span class='ocrx_word' id='word_1_287' title='bbox 415 3461 609 3537; x_wconf 85' lang='lat' dir='ltr'>Quassaturae,</span> <span class='ocrx_word' id='word_1_288' title='bbox 629 3461 699 3537; x_wconf 87' lang='lat' dir='ltr'>Veg.</span> <span class='ocrx_word' id='word_1_289' title='bbox 718 3480 744 3534; x_wconf 93' lang='grc' dir='ltr'>ι,</span> <span class='ocrx_word' id='word_1_290' title='bbox 762 3459 808 3519; x_wconf 88' lang='lat'>28.</span> <span class='ocrx_word' id='word_1_291' title='bbox 944 3511 955 3526; x_wconf 72' lang='grc'><strong>.</strong></span> 
     </span>
    </p>

    <p class='ocr_par' dir='ltr' id='par_1_19' title="bbox 417 3537 1338 3623">
     <span class='ocr_line' id='line_1_37' title="bbox 417 3537 1338 3623; baseline -0.004 -21"><span class='ocrx_word' id='word_1_292' title='bbox 417 3540 545 3618; x_wconf 82' lang='lat' dir='ltr'>Quassari</span> <span class='ocrx_word' id='word_1_293' title='bbox 563 3541 640 3603; x_wconf 87' lang='lat' dir='ltr'>mosa</span> <span class='ocrx_word' id='word_1_294' title='bbox 656 3541 790 3614; x_wconf 86' lang='lat' dir='ltr'>fortiore,</span> <span class='ocrx_word' id='word_1_295' title='bbox 809 3541 837 3601; x_wconf 87' lang='grc' dir='ltr'>Ιι.</span> <span class='ocrx_word' id='word_1_296' title='bbox 849 3561 871 3600; x_wconf 84' lang='grc' dir='ltr'>ι.</span> <span class='ocrx_word' id='word_1_297' title='bbox 880 3538 990 3620; x_wconf 80' lang='lat' dir='ltr'>frangi,</span> <span class='ocrx_word' id='word_1_298' title='bbox 1009 3537 1076 3601; x_wconf 86' lang='lat' dir='ltr'>Pais.</span> <span class='ocrx_word' id='word_1_299' title='bbox 1095 3556 1146 3616; x_wconf 84' lang='grc' dir='ltr'>ιι,</span> <span class='ocrx_word' id='word_1_300' title='bbox 1166 3557 1211 3619; x_wconf 88' lang='lat'>17.</span> <span class='ocrx_word' id='word_1_301' title='bbox 1234 3558 1286 3623; x_wconf 61' lang='grc' dir='ltr'>ις,</span> <span class='ocrx_word' id='word_1_302' title='bbox 1306 3562 1338 3604; x_wconf 83' lang='grc' dir='ltr'>ι..</span> 
     </span>
    </p>

    <p class='ocr_par' dir='ltr' id='par_1_20' title="bbox 372 3620 1334 3788">
     <span class='ocr_line' id='line_1_38' title="bbox 419 3620 1334 3706; baseline -0.002 -25"><span class='ocrx_word' id='word_1_303' title='bbox 419 3624 586 3699; x_wconf 86' lang='lat' dir='ltr'>Quatenus,</span> <span class='ocrx_word' id='word_1_304' title='bbox 595 3646 644 3703; x_wconf 84' lang='lat' dir='ltr'>pro</span> <span class='ocrx_word' id='word_1_305' title='bbox 659 3623 745 3701; x_wconf 85' lang='lat' dir='ltr'>quia,</span> <span class='ocrx_word' id='word_1_306' title='bbox 760 3620 822 3683; x_wconf 86' lang='lat' dir='ltr'>Col.</span> <span class='ocrx_word' id='word_1_307' title='bbox 839 3642 878 3693; x_wconf 89' lang='grc'>4,</span> <span class='ocrx_word' id='word_1_308' title='bbox 895 3638 939 3699; x_wconf 80' lang='lat'>32.</span> <span class='ocrx_word' id='word_1_309' title='bbox 954 3626 1028 3702; x_wconf 72' lang='lat' dir='ltr'>apud</span> <span class='ocrx_word' id='word_1_310' title='bbox 1038 3621 1189 3699; x_wconf 83' lang='lat' dir='ltr'>Vegetiurn</span> <span class='ocrx_word' id='word_1_311' title='bbox 1199 3621 1334 3706; x_wconf 74' lang='lat' dir='ltr'>ferescri·</span> 
     </span>
     <span class='ocr_line' id='line_1_39' title="bbox 372 3700 1334 3788; baseline 0 -25"><span class='ocrx_word' id='word_1_312' title='bbox 372 3702 448 3788; x_wconf 64' lang='lat' dir='ltr'>pion</span> <span class='ocrx_word' id='word_1_313' title='bbox 462 3706 628 3780; x_wconf 51' lang='lat' dir='ltr'>quatinus!</span> <span class='ocrx_word' id='word_1_314' title='bbox 640 3728 688 3783; x_wconf 82' lang='lat' dir='ltr'>pro</span> <span class='ocrx_word' id='word_1_315' title='bbox 705 3700 831 3777; x_wconf 51' lang='lat' dir='ltr'>ursive,</span> <span class='ocrx_word' id='word_1_316' title='bbox 849 3701 918 3779; x_wconf 82' lang='lat' dir='ltr'>Veg.</span> <span class='ocrx_word' id='word_1_317' title='bbox 938 3724 965 3776; x_wconf 90' lang='grc' dir='ltr'>ι,</span> <span class='ocrx_word' id='word_1_318' title='bbox 982 3724 1028 3764; x_wconf 92' lang='grc' dir='ltr'>ιι.</span> <span class='ocrx_word' id='word_1_319' title='bbox 1049 3724 1078 3776; x_wconf 86' lang='grc' dir='ltr'>ι,</span> <span class='ocrx_word' id='word_1_320' title='bbox 1098 3723 1130 3785; x_wconf 76' lang='lat'>¹3</span> <span class='ocrx_word' id='word_1_321' title='bbox 1148 3705 1174 3766; x_wconf 61' lang='grc' dir='ltr'><strong><em>ὁ</em></strong></span> <span class='ocrx_word' id='word_1_322' title='bbox 1195 3723 1239 3779; x_wconf 93' lang='grc' dir='ltr'>ι4.</span> <span class='ocrx_word' id='word_1_323' title='bbox 1259 3724 1288 3785; x_wconf 79' lang='lat'>3,</span> <span class='ocrx_word' id='word_1_324' title='bbox 1306 3720 1334 3763; x_wconf 85' lang='lat'>1.</span> 
     </span>
    </p>

    <p class='ocr_par' dir='ltr' id='par_1_21' title="bbox 420 3781 937 3861">
     <span class='ocr_line' id='line_1_40' title="bbox 420 3781 937 3861; baseline 0.004 -18"><span class='ocrx_word' id='word_1_325' title='bbox 420 3781 599 3859; x_wconf 81' lang='lat' dir='ltr'>Quaremarii</span> <span class='ocrx_word' id='word_1_326' title='bbox 612 3784 743 3861; x_wconf 83' lang='lat' dir='ltr'>scrobes,</span> <span class='ocrx_word' id='word_1_327' title='bbox 763 3782 825 3846; x_wconf 91' lang='grc'><strong>001.</strong></span> <span class='ocrx_word' id='word_1_328' title='bbox 847 3803 894 3856; x_wconf 89' lang='grc' dir='ltr'>ιι,</span> <span class='ocrx_word' id='word_1_329' title='bbox 910 3805 937 3845; x_wconf 90' lang='grc' dir='ltr'>ι.</span> 
     </span>
    </p>

    <p class='ocr_par' dir='ltr' id='par_1_22' title="bbox 377 3861 1334 4122">
     <span class='ocr_line' id='line_1_41' title="bbox 419 3861 1334 3951; baseline 0.002 -30"><span class='ocrx_word' id='word_1_330' title='bbox 419 3866 485 3940; x_wconf 86' lang='lat' dir='ltr'>Que</span> <span class='ocrx_word' id='word_1_331' title='bbox 504 3868 596 3943; x_wconf 83' lang='lat' dir='ltr'>prius,</span> <span class='ocrx_word' id='word_1_332' title='bbox 611 3888 686 3947; x_wconf 81' lang='lat' dir='ltr'>quam</span> <span class='ocrx_word' id='word_1_333' title='bbox 702 3868 786 3945; x_wconf 80' lang='lat' dir='ltr'>poscit</span> <span class='ocrx_word' id='word_1_334' title='bbox 804 3866 890 3941; x_wconf 84' lang='lat' dir='ltr'>ratio,</span> <span class='ocrx_word' id='word_1_335' title='bbox 906 3866 1014 3944; x_wconf 84' lang='lat' dir='ltr'>pofirum</span> <span class='ocrx_word' id='word_1_336' title='bbox 1032 3865 1061 3923; x_wconf 77' lang='lat' dir='ltr'>in</span> <span class='ocrx_word' id='word_1_337' title='bbox 1080 3866 1127 3925; x_wconf 82' lang='lat' dir='ltr'>illo</span> <span class='ocrx_word' id='word_1_338' title='bbox 1149 3861 1334 3951; x_wconf 68' lang='grc'><strong>001.6,09,</strong></span> 
     </span>
     <span class='ocr_line' id='line_1_42' title="bbox 377 3944 1334 4026; baseline -0.001 -18"><span class='ocrx_word' id='word_1_339' title='bbox 377 3944 513 4021; x_wconf 81' lang='lat' dir='ltr'>saneque</span> <span class='ocrx_word' id='word_1_340' title='bbox 537 3944 689 4021; x_wconf 73' lang='lat' dir='ltr'>conspeetu</span> <span class='ocrx_word' id='word_1_341' title='bbox 713 3966 851 4024; x_wconf 84' lang='lat' dir='ltr'>novaeque</span> <span class='ocrx_word' id='word_1_342' title='bbox 872 3949 912 4007; x_wconf 87' lang='lat' dir='ltr'>rei</span> <span class='ocrx_word' id='word_1_343' title='bbox 937 3947 1058 4021; x_wconf 86' lang='lat' dir='ltr'>auditu,</span> <span class='ocrx_word' id='word_1_344' title='bbox 1075 3966 1127 4026; x_wconf 77' lang='lat' dir='ltr'>pro</span> <span class='ocrx_word' id='word_1_345' title='bbox 1147 3962 1242 4023; x_wconf 83' lang='lat' dir='ltr'>neque</span> <span class='ocrx_word' id='word_1_346' title='bbox 1266 3961 1334 4007; x_wconf 81' lang='lat' dir='ltr'>con·</span> 
     </span>
     <span class='ocr_line' id='line_1_43' title="bbox 378 4024 866 4122; baseline 0.01 -35"><span class='ocrx_word' id='word_1_347' title='bbox 378 4024 478 4122; x_wconf 62' lang='lat' dir='ltr'>speetu</span> <span class='ocrx_word' id='word_1_348' title='bbox 495 4043 577 4090; x_wconf 82' lang='lat' dir='ltr'>nova</span> <span class='ocrx_word' id='word_1_349' title='bbox 593 4028 635 4114; x_wconf 70' lang='lat' dir='ltr'>rei</span> <span class='ocrx_word' id='word_1_350' title='bbox 650 4027 806 4106; x_wconf 83' lang='lat' dir='ltr'>audituque</span> <span class='ocrx_word' id='word_1_351' title='bbox 820 4028 866 4091; x_wconf 79' lang='lat' dir='ltr'>rel.</span> 
     </span>
    </p>
   </div>
   <div class='ocr_carea' id='block_1_4' title="bbox 0 0 1724 5075">
    <p class='ocr_par' dir='ltr' id='par_1_23' title="bbox 0 0 1724 5075">
     <span class='ocr_line' id='line_1_44' title="bbox 0 0 1724 5075; baseline 0 0"><span class='ocrx_word' id='word_1_352' title='bbox 0 0 1724 5075; x_wconf 95' lang='lat' dir='ltr'> </span> 
     </span>
    </p>
   </div>
  </div>
 </body>
</html>
