3425 5075
693 537 1210 611 LEXICON

519 698 660 762 Laconica
678 697 736 756 vini
755 697 887 756 decoctio
902 692 992 765 ‚Pau
1016 714 1064 768 ιι,
1085 715 1129 769 ¹4·

520 781 668 845 Laconicis
693 796 854 854 excoquere
877 778 1069 852 cruditatem,
1091 776 1155 839 Cot.
1183 801 1211 853 1,
1230 776 1309 840 Praef.
1331 779 1457 840 Balnea,

478 868 614 935 ardenter,
629 885 660 918 rte
679 863 763 919 dicam
778 860 910 930 calentes,
930 858 1039 936 suerunt
1055 861 1085 918 in
1104 863 1153 940 usu
1168 862 1323 938 quotidiano
1341 863 1442 942 prisco.

476 968 554 1017 rum,
564 944 658 1024 quibus
673 939 881 1022 perfitafiffimum
901 941 1032 999 lababant
1049 939 1079 999 in
1095 943 1244 1019 corporibus
1264 943 1335 1002 cibos
1351 944 1442 1022 toqui,

434 1070 437 1075 -
477 1028 506 1087 θ’
520 1028 670 1085 cruditatem
692 1024 781 1100 digeri.
803 1023 836 1081 In
853 1021 956 1080 balneis
972 1038 1046 1079 erant
1063 1023 1207 1099 tepidaria,
1234 1024 1365 1098 caldaria,
1385 1024 1444 1102 fri-

476 1107 599 1187 gidaria:
620 1103 736 1162 erant&
757 1104 912 1181 sudatoria,
932 1123 982 1180 quo
999 1121 1139 1182 exgenere
1158 1104 1193 1182 est
1212 1104 1376 1179 laconicum,
1392 1103 1441 1164 abl

468 1187 612 1268 sudando,
632 1186 817 1262 exercendoque
840 1203 951 1263 corpus,
975 1185 1126 1242 eruditatem
1149 1186 1318 1263 digerebant,
1343 1185 1371 1242 le
1391 1209 1442 1268 ap·

470 1269 614 1349 petentium
635 1267 726 1324 edendi
749 1266 942 1345 provocabant.
968 1265 1065 1325 Scribit
1078 1264 1239 1341 Vitruvius,
1259 1264 1440 1343 Laconicum,

468 1347 672 1431 sudationesque
689 1346 884 1427 conjungendas
901 1345 947 1424 effe
964 1345 1111 1426 tepidario,
1129 1346 1174 1424 qui
1186 1347 1326 1425 saturitate
1345 1351 1442 1425 epula·

473 1450 531 1489 tum
546 1431 681 1487 immodica
699 1430 770 1486 crudi
791 1445 879 1496 erant,
899 1425 925 1484 θ’
942 1428 1128 1507 cacostomrclri
1141 1429 1313 1506 eruditaeque
1331 1430 1441 1488 labora.

473 1512 555 1571 bant:
575 1512 603 1566 lii
619 1511 657 1566 ad
665 1509 773 1568 balneas
791 1505 994 1587 confitgsebant,
1008 1506 1035 1564 (r
1048 1509 1077 1566 in
1087 1509 1251 1588 sudatoriis,
1264 1511 1440 1590 laconicifique

469 1593 589 1672 sudorem
612 1593 774 1648 evocabant:
797 1589 836 1646 ita
857 1589 984 1671 slomaclri
1005 1590 1158 1648 eruditatem
1181 1591 1339 1670 digerentes,
1358 1613 1440 1669 quam

473 1674 556 1753 epula
568 1672 719 1750 eopiofiores
732 1668 849 1748 afferam.
871 1671 946 1735 Corn.
963 1670 1050 1749 Celsus
1067 1672 1157 1746 docet,
1167 1671 1285 1750 sudorem
1300 1673 1360 1730 elici
1373 1678 1439 1732 duo·

474 1756 524 1813 bus
546 1756 648 1825 modis,
669 1769 714 1810 aut
736 1759 805 1830 fleto
826 1751 929 1826 calore,
949 1769 996 1809 aut
1017 1750 1241 1830 balnearficcum
1262 1755 1371 1811 calorem
1390 1754 1439 1834 effe

475 1836 682 1905 lucanicarum,
697 1854 750 1912 qua
765 1833 843 1892 utilia
852 1836 934 1913 suni,
951 1833 1048 1910 quoties
1066 1835 1158 1891 lrumor
1173 1834 1247 1892 intus
1267 1853 1356 1909 nocet,
1367 1836 1438 1915 iique

475 1916 681 1996 digerendusest.
702 1913 871 1993 Canfimiliter
885 1915 983 1973 Seneca
999 1915 1027 1973 in
1039 1913 1152 1995 epistolis
1167 1917 1309 1975 moralibus
1328 1938 1438 1995 carpens

474 1998 544 2058 banc
560 1996 758 2057 ventricolarum
770 2015 862 2055 mtrem
870 1999 909 2072 fic
926 1996 1019 2073 refert:
1039 1994 1119 2070 Quid
1140 1993 1212 2056 mihi
1231 2014 1296 2077 cnut
1316 1996 1373 2056 istis
1391 2017 1437 2059 ca·

473 2075 601 2137 lentibus
624 2077 747 2153 stagnis?
774 2076 844 2153 quid
873 2094 938 2139 cum
961 2074 1135 2137 sudatoriisi
1154 2076 1182 2134 in
1202 2096 1265 2153 qua
1281 2077 1369 2138 fiacus
1391 2099 1438 2140 va.

516 2178 528 2216 r
552 2176 671 2234 corpora
695 2156 881 2218 exirauiiurus
909 2156 1079 2219 includitur:
1102 2160 1198 2219 omnis
1218 2157 1302 2219 sudor
1322 2179 1374 2237 per
1394 2159 1436 2222 la·

472 2177 576 2301 {grem
601 2254 695 2300 exeat.
718 2241 807 2299 Poeta
829 2240 943 2320 satyrici
960 2240 1070 2318 construo
1086 2261 1128 2298 ore
1145 2261 1277 2321 carpentes
1294 2243 1436 2320 ingluuiem

472 2321 641 2396 helluonum,
661 2340 765 2401 quorum
789 2320 866 2380 Deus
886 2338 976 2379 uenter
998 2322 1041 2400 est,
1062 2321 1206 2398 confimiles
1223 2324 1369 2402 sententias
1385 2345 1437 2383 nu·

473 2408 552 2467 aruris
573 2404 685 2484 poeticis
699 2403 827 2483 complexi
839 2401 912 2481 sunt.
936 2399 1086 2462 Horatius:
1107 2401 1196 2462 Crudi
1219 2404 1381 2480 tumidique
1393 2403 1437 2466 la.

474 2503 585 2547 ventur.
604 2485 727 2566 Perfius:
751 2483 896 2561 Turgidus
914 2482 962 2542 hic
977 2481 1069 2560 epuiis
1089 2494 1176 2561 atque
1193 2482 1260 2545 albo
1278 2499 1376 2545 ventre
1391 2487 1436 2547 la·¹

472 2580 568 2629 vatur.
587 2568 749 2627 luvenalis:
769 2568 898 2626 Crudum
923 2571 1064 2642 pavonem
1085 2566 1114 2625 in
1137 2564 1238 2625 balnea
1259 2579 1362 2644 portas.
1378 2569 1434 2647 Igi-

470 2652 544 2729 girur
566 2646 706 2705 Columella
720 2648 838 2724 satyrico
860 2649 961 2725 morfit,
980 2646 1006 2706 θ’
1022 2649 1118 2707 canina
1130 2647 1261 2726 fhcundia
1278 2650 1392 2709 invertas
1405 2652 1433 2708 in

471 2725 582 2785 delicias
605 2724 797 2804 luxuriosorum
822 2727 877 2797 ait,
896 2726 1044 2787 Romanos
1067 2728 1177 2789 saturos
1202 2730 1285 2805 cibo,
1303 2746 1434 2807 potuque

472 2804 628 2878 distentos,
659 2822 820 2879 excoquere
851 2806 1035 2883 digerereque
1058 2810 1255 2886 quotidianam
1280 2810 1433 2886 epularum

401 2945 408 2962 κ
472 2884 645 2945 cruditatem
662 2887 692 2944 in
709 2883 866 2960 laconiciS,
884 2891 910 2948 lt.
929 2909 950 2950 e.
969 2892 1137 2970 sudatoriis,
1151 2892 1195 2950 ubi
1210 2893 1319 2971 sudores
1334 2894 1435 2972 digere.

403 2991 406 3002 ·
468 2968 556 3039 bant,
573 2969 599 3028 ὁ
615 2970 655 3025 ita
676 2968 733 3048 apti
749 2971 837 3049 rursus
853 2971 891 3027 ael
908 2989 1021 3051 ganeam
1035 2973 1153 3049 cibaria,
1171 2973 1298 3054 cunasque
1319 2975 1433 3054 asculen.

468 3051 549 3110 tiores
566 3051 763 3109 revertebantur.
785 3050 943 3109 Laconicum
966 3072 1071 3127 autem,
1088 3073 1118 3112 ut
1132 3057 1210 3114 Dion
1228 3055 1330 3131 tradit,
1348 3079 1366 3114 a
1376 3058 1431 3115 La-

469 3131 578 3192 conibus
598 3132 691 3189 dilium
717 3132 751 3212 esl
769 3132 967 3193 inventoribus:
986 3136 1108 3213 quoniam
1127 3135 1208 3209 nudi,
1229 3138 1346 3215 unllique
1369 3157 1431 3197 ante

469 3213 542 3274 alios
561 3214 589 3271 in
608 3214 673 3294 bisce
683 3212 829 3293 sudatorit's
850 3215 1040 3278 exercebantur.
1060 3216 1172 3276 Plinius
1188 3235 1306 3275 autumer
1312 3264 1323 3290 ,
1339 3218 1369 3275 id
1386 3240 1430 3299 ge-

470 3316 523 3355 rtus
536 3297 698 3375 instrumenta
715 3295 906 3375 peffumdediffe
925 3318 1007 3355 mores
1026 3299 1122 3374 bonas,
1133 3298 1300 3381 &debellasse
1323 3320 1430 3381 corpora

470 3376 597 3436 Romana
604 3375 763 3456 juventutis.
779 3378 901 3437 Beroald.

511 3457 643 3519 Lacrima
664 3456 777 3515 medica
797 3474 921 3533 panace,
942 3457 1152 3540 Col.1o,1o3.
1174 3458 1360 3522 lacrimarum
1382 3461 1429 3521 ηἰ·ι

468 3536 587 3598 mietate
602 3535 752 3596 tabescunt
769 3536 857 3610 viter,
880 3540 947 3601 Pali.
962 3564 991 3681 ἲ,
1009 3562 1055 3623 30·

509 3618 773 3694 taciturniores,
789 3618 856 3679 Pali.
875 3623 904 3694 6,
921 3642 944 3681 r.
973 3625 1109 3682 aetimare
1123 3622 1327 3699 gumen‚Pall.
1341 3646 1387 3698 12,
1398 3636 1429 3705 7.'

509 3700 645 3764 Laciariis
669 3702 751 3757 habas
769 3701 888 3761 Medica
908 3703 1022 3779 danda,
1044 3706 1119 3764 Varr.
1137 3726 1166 3780 2,
1183 3726 1209 3766 t.

486 3824 491 3833 .
509 3781 630 3843 Lacient
642 3780 755 3842 novella
768 3783 903 3859 virentia,
920 3786 945 3844 Ιι.
955 3810 978 3845 e.
988 3787 1067 3865 fitero
1078 3783 1225 3847 abuidanti
1236 3805 1344 3866 turgent,
1359 3785 1428 3848 Pali.

446 3857 450 3864 ’
468 3884 499 3999 ξι,
520 3870 565 3927 26.
582 3865 618 3945 cfi
639 3864 703 3925 cot.
720 3885 749 3938 7,
766 3887 792 3947 9.
813 3864 950 3924 iacientes
971 3865 1078 3940 foetus,
1097 3868 1177 3928 Varr.
1194 3892 1222 3943 2,
1239 3890 1282 3929 ιι.
1299 3866 1427 3941 porculi,

493 3963 546 4005 arr.
566 3968 594 4017 2,
607 3970 634 4019 4.
649 3946 756 4023 catuli,
778 3947 840 4007 Coi.
864 3966 910 4018 10,
933 3966 997 4028 343.
1016 3947 1153 4011 iacientes
1169 3956 1248 4013 etiarn
1263 3950 1362 4011 dentes
1373 3969 1427 4008 rna.

467 4020 513 4081 lim
528 4025 597 4105 Veg.
612 4053 643 4105 4,
665 4050 700 4112 5,
719 4051 796 4111 quam
810 4041 831 4090 'a
847 4026 936 4092 Ledo
950 4028 1098 4095 iacientes·
1185 4076 1189 4085 ·
