3425 5075
412 613 1137 690 ¹rusticum

406 774 623 854 Repastinatum
643 776 713 854 quid
735 775 922 838 veteribus&
940 776 1011 854 quid
1030 787 1149 838 recentt
1167 774 1333 859 Col.3,18.
1416 817 1419 827 s

406 857 580 934 Repercussa
595 877 653 918 nux
668 858 792 918 radicem
815 857 968 937 respergit,
988 857 1055 921 Pall.
1078 880 1111 934 2,
1134 877 1180 940 ις.

363 968 365 973 ·
408 938 550 1016 Repertor
575 940 655 1010 vitis,
673 939 754 1001 Varr.
779 960 805 1012 1,
823 961 849 999 2.

409 1020 526 1096 Repetit
548 1019 723 1082 soliditatem
744 1031 844 1080 tumor
862 1019 984 1098 pastini,
1000 1019 1070 1082 Pall.
1093 1041 1129 1094 2,
1150 1039 1195 1100 13.
1214 1020 1231 1051 ⁸
1248 1039 1347 1096 repo,

368 1111 430 1162 tere
447 1103 482 1182 est
495 1103 632 1181 neglrtirrm
648 1103 735 1160 adhuc
746 1101 773 1159 b·
784 1100 948 1180 intermiffirm
962 1102 1044 1183 poulo
1060 1103 1144 1181 serius
1161 1103 1246 1178 soem
1263 1099 1328 1164 col.

372 1203 426 1255 ιι,
448 1204 484 1257 2,
508 1184 661 1244 nocbholen.
682 1181 744 1243 Col.
764 1181 831 1243 Atb.
851 1202 895 1244 10.
920 1200 951 1241 ut
968 1201 1104 1244 revocare
1125 1183 1201 1247 Ptin.
1223 1182 1279 1260 18,
1301 1181 1333 1246 8.

412 1263 541 1340 Repletis
557 1263 689 1337 seminis,
706 1262 774 1324 Pall.
794 1285 834 1337 4,
858 1284 902 1344 ¹3·

412 1336 566 1422 Replicare
580 1345 616 1404 ad
631 1345 696 1404 vitis
710 1358 812 1420 caput,
832 1342 894 1412 Cat,
909 1363 959 1418 4ι.

412 1423 507 1502 Repo.
526 1444 623 1502 repere
639 1427 669 1485 in
684 1423 969 1502 altitudinemssol.
986 1424 1054 1488 Arb.
1076 1425 1123 1488 16.

412 1505 550 1583 Repolire
566 1506 731 1580 frumenta,
749 1505 812 1566 Col.
832 1528 859 1577 2,
879 1527 925 1566 ιι.
1284 1547 1290 1551 »

413 1586 565 1664 Reponere
584 1586 633 1646 suo
655 1587 781 1664 quidque
797 1585 881 1658 loco,
901 1586 964 1650 Col.
985 1608 1039 1662 12,
1076 1586 1116 1648 .*
1131 1587 1246 1649 vineam
1262 1605 1330 1669 agro

373 1669 566 1746 repastinato,
584 1667 647 1730 Col.
670 1668 736 1730 llrb.
754 1691 783 1743 4;
794 1670 844 1751 sed
860 1668 951 1728 melius
961 1668 1032 1750 firm
1051 1611 1114 1729 s'ol.
1137 1689 1253 1745 ponere.
1388 1660 1392 1678 ‘

416 1748 631 1827 Repraesentare
649 1750 755 1810 faciem
778 1749 836 1809 veri
857 1751 965 1826 maris,
981 1747 1098 1823 Col.r8,
1117 1771 1163 1828 17.
1185 1749 1336 1827 repraesen-

373 1841 419 1892 tat
437 1830 466 1891 se
482 1830 594 1909 semper
613 1829 744 1905 villicus,
766 1830 828 1892 Col.
853 1852 879 1906 1,
897 1829 925 1892 8.
944 1852 991 1906 ιι,
1014 1830 1177 1894 nunidem
1206 1831 1338 1910 saporem

376 1912 518 1974 olivarum
541 1914 694 1988 condirum,
712 1910 774 1974 Col.
800 1931 856 1987 12,
881 1934 929 1991 47.

418 1991 642 2072 Reprehendilse
668 2003 840 2071 peccantem
860 2012 922 2055 non
940 1993 1006 2056 satis
1024 1993 1083 2071 est,
1102 1993 1122 2055 sr
1140 2013 1200 2057 non
1218 1997 1246 2057 ἀ
1263 1997 1338 2058 reth

377 2075 454 2138 viam
474 2075 598 2150 doceas,
617 2058 679 2137 eol.
701 2097 747 2152 ιι,
771 2097 795 2136 ι.
1061 2126 1062 2130 ,
1302 2112 1304 2117 -

419 2155 637 2235 Repubescere,
659 2156 721 2217 Col.
738 2178 774 2231 2,
792 2177 815 2217 ι.

418 2237 619 2315 Repullescere
641 2237 763 2298 novellis
796 2236 968 2313 frondibus,
997 2238 1062 2304 Col.
1082 2260 1123 2316 4,
1146 2259 1194 2303 22.
1216 2239 1339 2320 repulle-

378 2318 461 2382 scens
485 2317 614 2392 soboles,
636 2319 700 2381 Col.
720 2343 756 2395 4,
777 2341 823 2395 24.
1070 2339 1072 2341 ’

422 2399 548 2478 Requies
564 2401 719 2461 sorensrum
739 2400 996 2474 exercitationum,
1017 2398 1079 2462 col.
1103 2421 1157 2478 12,
1174 2401 1255 2463 Praef.
1273 2419 1342 2480 por·¹

381 2500 483 2543 corunr
505 2476 670 2557 volutatio,
688 2495 719 2542 ut
736 2482 841 2543 lavatio
863 2480 1033 2554 bominum,
1056 2482 1135 2544 Van.
1154 2505 1188 2559 2,
1207 2505 1234 2559 4.

335 2603 342 2648 i
382 2603 384 2608 -
424 2563 600 2638 Requietum
619 2563 683 2640 lac,
700 2563 763 2625 Col.
773 2585 803 2642 7,
814 2563 842 2624 8.
860 2569 930 2643 quod
940 2567 986 2623 diu
992 2564 1080 2643 sterit,
1097 2575 1236 2645 antequam
1250 2567 1374 2637 adem,

374 2646 437 2725 seor
454 2644 627 2721 conficiendos
645 2647 791 2706 adhibitum
812 2647 853 2727 ess.
870 2645 916 2705 Sic
935 2645 1052 2722 requieti
1068 2646 1144 2723 porri
1160 2647 1345 2729 ApicioArr.
1458 2641 1460 2646 ’

385 2727 450 2804 Coq.
466 2750 494 2805 3,
505 2747 521 2783 2
532 2725 558 2784 se
568 2748 599 2801 4,
614 2748 632 2801 5
641 2728 724 2804 firm,
740 2730 798 2808 qui,
812 2728 966 2809 postquam
981 2747 1046 2789 terro
1059 2728 1140 2806 evolst
1152 2730 1232 2809 sont,
1253 2728 1345 2808 aliquo

381 2824 492 2886 tempore
504 2805 626 2886 affirvori
637 2811 710 2888 sont.
732 2809 792 2868 Vid.
804 2810 900 2870 Borrlr.
915 2810 990 2869 Ado.
1002 2832 1053 2885 40,
1065 2833 1090 2869 2.
1108 2810 1154 2871 Sic
1166 2807 1343 2888 requiescere
1448 2868 1450 2872 ,

341 2957 344 2963 ,
382 2910 425 2948 res
439 2889 569 2960 dicontur,
586 2910 640 2968 quc
649 2911 695 2967 per
706 2909 806 2971 ternpus
817 2890 927 2970 aliquod
936 2890 1046 2950 immota
1057 2909 1171 2963 manent,
1182 2893 1261 2950 eidem
1269 2890 1345 2972 Apis

381 2972 424 3030 cio
449 2992 478 3043 r,
492 2991 532 3042 4,
549 2981 582 3027 ut
606 2988 657 3045 per
675 2968 737 3030 dies
755 2971 865 3045 septem
886 2972 916 3029 in
931 2972 999 3030 vino
1025 2969 1210 3046 requiescant.
1228 2973 1255 3029 (a
1272 2991 1295 3029 c.
1311 2990 1343 3044 5,

382 3047 448 3128 post
469 3048 539 3109 baec-
556 3048 705 3125 aliquanto
725 3063 856 3125 tempore
873 3062 972 3125 patere
995 3050 1178 3127 requiescere.
1199 3049 1346 3110 Palladios

376 3130 492 3212 fimplici
510 3132 593 3190 oritur
612 3134 669 3203 12,
688 3129 741 3202 18,
760 3147 827 3190 cum
846 3130 993 3207 quieverit.
1010 3132 1131 3209 Scioerrg.
1147 3132 1274 3206 requieta
1290 3149 1347 3193 ova
1419 3133 1427 3167 ⁵
1462 3197 1474 3208 ,,

383 3232 548 3293 opponuntur
557 3210 747 3287 recenriffimis,
763 3209 825 3272 Col.
837 3209 869 3284 8,
882 3230 906 3288 ς.
924 3210 1080 3287 requietior
1098 3222 1182 3284 terra,
1203 3209 1266 3273 Col.
1277 3232 1305 3284 2,
1321 3232 1348 3275 ι.

426 3292 495 3354 Res.
513 3310 574 3352 rem
601 3292 727 3352 divinam
744 3292 859 3365 facere,
880 3291 941 3353 Cat.
966 3310 990 3371 5.
1011 3292 1052 3351 rei
1070 3290 1177 3352 rusticae
1197 3289 1272 3351 libro
1290 3296 1349 3369 pri.

377 3382 457 3445 'mo,
475 3371 539 3435 cot.
565 3392 614 3443 rr,
634 3392 658 3434 ι.
677 3392 737 3433 rem
759 3373 889 3436 rusticam
915 3374 1073 3451 prolatare,
1094 3370 1157 3453 Col.
1186 3392 1211 3445 ι,
1230 3372 1308 3434 Praes.
1329 3374 1356 3415 ⁴⁹

380 3455 549 3537 pronominis
567 3454 673 3514 relativi
693 3455 775 3515 vicem
792 3454 922 3535 frrflinrt,
944 3453 988 3514 vel
1005 3476 1062 3514 cum
1076 3476 1106 3516 eo
1123 3455 1215 3537 potios
1231 3456 1350 3516 abundat

383 3554 440 3597 res.
454 3534 547 3595 Hasce
569 3554 662 3610 oves,
677 3535 783 3612 quade
802 3554 831 3596 re
851 3535 961 3613 agitur,
979 3535 1059 3598 Varr.
1076 3557 1114 3609 2,
1130 3557 1157 3597 2.
1176 3554 1212 3594 ex
1232 3534 1349 3611 reliquis

384 3617 490 3686 rebus,
502 3635 564 3691 quae
577 3617 660 3695 supra
677 3632 826 3681 sctum
841 3615 927 3690 sont,
945 3615 1009 3679 col.
1028 3638 1073 3691 12,
1093 3639 1140 3700 35.
1159 3615 1259 3688 rebus,
1271 3632 1347 3687 Qulss

386 3709 450 3757 non
466 3694 586 3757 arbitror
607 3699 765 3775 pertinere,
777 3698 855 3759 Varr.
877 3718 902 3771 r,
923 3719 947 3760 r.
965 3718 1042 3774 2,1.
1055 3701 1097 3778 fic
1116 3698 1169 3762 Cic.
1176 3697 1245 3777 firm.
1262 3706 1302 3770 r6,
1315 3721 1348 3773 4,

386 3776 485 3838 sumtu
499 3793 536 3835 ne
554 3795 653 3854 parcas
669 3780 727 3841 ulla
740 3782 769 3840 in
782 3800 829 3858 re,
844 3795 938 3851 ouon
955 3780 992 3841 ad
1006 3778 1203 3841 valetudinem
1217 3798 1292 3857 opus
1306 3779 1351 3841 stt.

389 3859 466 3921 And.
487 3858 555 3916 corr.
573 3863 610 3919 od
625 3861 730 3941 Sallust.
753 3863 816 3943 Jug.
839 3886 884 3937 4ι,
903 3886 923 3925 ι.
1057 3853 1060 3868 ⁴

430 3934 610 3999 Rescinditur
636 3940 710 4003 serto
737 3941 922 4021 suppuratio,
947 3941 1011 4003 Col.
1031 3940 1069 4016 6,
1099 3960 1145 4002 ιι.
1169 3959 1262 4017 vena,
1285 3937 1349 4019 Col.

386 4018 408 4083 6

413 4035 560 4165 ’tseor'ettio
580 4099 665 4179 vitis,
683 4100 746 4167 Col
761 4125 799 4197 4,
817 4125 866 4188 29.
882 4120 974 4183 caca,
993 4102 1056 4169 Col.
1067 4045 1105 4181 Χ4,
1124 4121 1170 4188 32.
