3425 5075
549 556 1153 635 nuculeum·

540 676 549 709 l

368 722 466 805 panda
486 721 654 806 (fizcienda)
676 719 820 785 continuis
840 719 942 791 annis,
971 717 1031 781 Col.
1052 739 1108 795 12,
1125 737 1174 795 44.
1199 717 1337 800 usurpant

335 812 340 819 ’
370 805 432 866 hoc
445 805 673 865 nomine'ramos
690 800 838 880 agricolae,
853 800 919 863 Col.
943 821 973 881 5,
994 801 1021 863 6.
1328 828 1330 833 ·
1386 858 1389 865 ,

414 885 488 949 Usus
505 885 654 962 magister,
672 884 736 947 001.
758 905 810 954 ro,
826 902 891 965 339.
909 903 947 957 4,
970 902 1015 943 11.
1034 885 1061 943 dr
1080 881 1255 958 experientia
1272 883 1332 943 do··

373 968 521 1029 minantur
536 967 564 1027 in
581 966 704 1041 artibus,
716 964 780 1026 001.
795 985 832 1038 n,
853 982 961 1024 mcum
984 961 1050 1023 usus
1069 964 1176 1041 exigit,
1194 962 1257 1025 Col.
1277 985 1334 1040 ra,

373 1070 405 1129 7.
423 1053 456 1108 in
473 1049 532 1108 hoc
544 1047 613 1121 010,
625 1067 672 1128 pro
687 1048 718 1106 in
736 1047 816 1107 hunc
835 1042 938 1120 usum,
952 1041 1015 1104 001.
1034 1065 1081 1116 12,
1099 1043 1149 1115 48.
1167 1042 1218 1106 usu
1235 1047 1337 1105 conti·

373 1148 437 1191 nuo
455 1131 547 1207 gratia
569 1128 661 1205 pascui
681 1127 834 1200 exolescit,
849 1124 913 1186 001.
931 1146 969 1203 7,
990 1143 1014 1203 3.
1035 1126 1065 1184 in
1084 1125 1134 1184 usu
1152 1125 1191 1185 est
1209 1125 1334 1203 polian.

375 1230 472 1282 num,
490 1212 641 1286 adhibetur,
660 1209 722 1271 001.
743 1229 796 1279 12,
816 1227 863 1267 21.
881 1206 901 1266 fi
923 1205 991 1282 quid
1007 1204 1071 1267 usus
1087 1207 1211 1282 venerit,
1228 1206 1289 1268 Cat.
1305 1226 1338 1282 4.

418 1292 460 1353 Ut
475 1291 629 1361 ἐκβατικόν.
644 1311 679 1350 eo
693 1288 889 1364 conveniunt,
906 1301 939 1348 ut
957 1287 1008 1364 iplr
1020 1286 1048 1347 se
1068 1300 1172 1348 necent
1189 1286 1337 1355 curculio.

373 1393 449 1445 nes,
461 1372 537 1433 Vart.
559 1388 591 1446 t,
603 1372 675 1452 63.*
688 1371 865 1430 conditionale
875 1371 923 1448 est:
939 1379 970 1428 ut
987 1367 1104 1430 Saserna
1121 1370 1201 1429 dicat
1217 1389 1314 1430 verum
1324 1415 1336 1442 ,

373 1455 457 1516 Varr.
480 1474 507 1527 r,
528 1474 571 1534 ¹9·
591 1465 624 1511 ut
640 1453 700 1513 lraec
720 1450 862 1528 scripserit
880 1452 911 1511 in
928 1449 1116 1527 agricultura,
1135 1451 1212 1511 Varr.
1232 1472 1266 1527 1,
1281 1473 1306 1511 2.
1320 1454 1337 1483 ⁴*

370 1533 520 1618 proverbi
538 1535 643 1609 gratia,
662 1535 741 1596 Vurr.
762 1553 824 1609 2,1
847 1534 874 1592 Ee
893 1554 921 1594 2.
943 1545 974 1590 ut
993 1543 1076 1607 puta,
1095 1530 1159 1592 Col.
1181 1553 1214 1614 5,
1229 1555 1257 1593 2.
1271 1534 1287 1564 *
1304 1545 1336 1591 ut
1449 1582 1452 1587 .

375 1616 455 1678 enirn
472 1612 529 1675 iire
540 1613 576 1676 al
596 1617 667 1676 Scal.
681 1620 720 1675 ad
733 1618 782 1676 loc.
802 1614 879 1675 Varr.
899 1635 932 1687 2,
945 1634 981 1692 9,
992 1626 1025 1673 ut
1040 1615 1118 1688 ejus,
1137 1614 1217 1690 quod
1233 1632 1268 1675 co
1288 1630 1338 1672 co-

376 1698 450 1759 mite
466 1697 579 1773 indiget
595 1696 645 1758 60.
660 1698 710 1780 leg.
728 1709 761 1757 ut
774 1695 850 1755 enim
872 1696 951 1772 quod
967 1695 1017 1755 &a
1032 1698 1087 1754 uid.
1108 1695 1196 1769 Quod
1215 1694 1302 1756 eninr.
1319 1694 1337 1726 *

378 1792 415 1837 ut
424 1781 568 1850 maxime,
580 1778 641 1840 001.
659 1778 729 1840 Arb.
745 1800 773 1854 7.
783 1777 798 1807 ⁴
816 1777 950 1856 omiffitm,
968 1774 1014 1835 vel
1029 1776 1089 1834 doru
1101 1774 1151 1837 τοῦ
1168 1773 1256 1837 κοινοῦ
1271 1781 1339 1855 περι.

377 1861 482 1920 rendum
494 1881 527 1917 ex
540 1876 578 1919 ne
590 1860 732 1940 pramiffir,
749 1856 811 1919 Col.
825 1857 860 1931 8,
874 1878 910 1936 7:
929 1856 969 1916 ita
979 1876 1015 1916 ne
1026 1873 1161 1934 vagetur,
1175 1855 1225 1918 sed
1237 1856 1335 1933 potius

377 1941 430 2001 dc.
440 1941 456 1971 ⁴
469 1954 502 2000 ut
510 1941 670 2002 confideret
684 1941 805 2013 vinitor,
822 1961 871 2018 pro
892 1938 1069 2012 consideret,
1082 1939 1127 1998 vel
1141 1957 1214 2015 opus
1233 1938 1293 2015 est,
1306 1950 1339 2001 ut

378 2020 556 2095 confideret,
573 2020 637 2084 001.
660 2045 700 2097 4,
722 2044 773 2094 24·
789 2019 805 2053 ⁸
823 2033 855 2081 ut
872 2020 1039 2092 accumbit,
1062 2022 1111 2080 vix
1131 2019 1269 2098 resurgit,
1289 2041 1340 2100 pre

380 2121 469 2177 cum,
488 2103 558 2180 Veg.
577 2122 611 2183 3,
629 2101 677 2183 83.
692 2104 708 2133 ⁴
726 2101 893 2179 utquisque
910 2101 991 2162 locus
1009 2101 1130 2180 frigidus
1152 2103 1219 2175 erit,
1238 2102 1263 2162 is
1284 2101 1340 2178 pri-

382 2202 449 2245 mus
467 2184 632 2246 conletatur
647 2185 693 2245 rel.
709 2182 772 2247 001.
790 2204 843 2259 11,
862 2205 889 2244 2.
906 2182 969 2242 *an
979 2184 1105 2261 duplicem
1115 2186 1251 2265 perfirnam
1260 2184 1340 2263 fusti

380 2284 443 2326 neat
460 2259 475 2328 ir
494 2282 543 2339 ut,
558 2268 613 2327 uid.
627 2265 708 2325 Vorr.
727 2287 767 2341 2,
787 2286 818 2327 r:
842 2278 875 2324 ut
892 2283 927 2324 ex
948 2263 1097 2323 arboribus
1118 2267 1167 2324 du.
1179 2286 1227 2343 pro
1242 2278 1274 2323 ut
1292 2264 1342 2340 fic

383 2358 427 2406 ut.
444 2344 507 2407 Col.
519 2368 550 2425 7,
566 2366 579 2426 3
592 2373 599 2409 :
618 2358 650 2407 ut
666 2350 693 2409 ἃ
709 2358 776 2407 ante
791 2343 975 2405 diximusuc.
990 2346 1035 2402 ubi
1050 2347 1201 2405 adverbum
1214 2345 1340 2406 diximus

380 2429 484 2496 relata,
501 2430 668 2506 comparandi
682 2428 832 2489 adverbium
851 2429 904 2505 ‘sti
924 2429 964 2482 ad
980 2426 1214 2499 meminerimus,
1233 2426 1341 2504 conjure.

382 2509 445 2568 flio.
460 2506 523 2568 Col.
544 2530 588 2582 11,
600 2528 636 2570 2:
656 2524 689 2572 ut
708 2525 827 2588 quaeque
844 2525 888 2567 res
907 2504 1018 2568 deiecta
1042 2509 1105 2569 erit.
1125 2510 1343 2588 Confiderandum

383 2590 484 2660 eriam,
502 2586 570 2652 anri
591 2610 677 2665 quam
694 2595 778 2655 eodem
791 2591 867 2651 modo
884 2591 966 2667 pofira
978 2591 1016 2666 fit
1027 2591 1080 2651 cic.
1093 2590 1146 2667 fin.
1160 2618 1187 2669 3,
1204 2613 1245 2667 9:
1262 2590 1343 2667 Quid

387 2681 488 2728 autem
513 2671 653 2745 apertius,
672 2688 794 2747 Quam,
809 2670 828 2730 sr
844 2669 960 2731 selectio
977 2668 1056 2731 nulla
1081 2671 1114 2731 [ιι
1135 2671 1171 2732 ab
1189 2673 1222 2732 iis
1238 2672 1344 2748 rebus,

387 2767 453 2824 quac
470 2763 572 2812 contra
593 2769 723 2816 naturam
741 2755 815 2829 srnt,
838 2771 935 2813 earum
956 2770 1072 2826 rerum,
1090 2772 1153 2830 quae
1172 2753 1225 2814 srnt
1247 2752 1345 2813 secun·

385 2830 457 2889 dum
478 2844 628 2907 naturam,
645 2836 763 2895 tollatur
783 2838 877 2896 omnis
893 2855 944 2908 ea,
961 2855 1024 2910 quae
1041 2848 1183 2910 quaeratur
1201 2835 1345 2896 laudetur·

387 2928 444 2986 que
460 2910 633 2987 prudentia?
646 2935 724 2970 urnam
734 2933 818 2986 quum
826 2917 940 2989 postulat
953 2936 1044 2971 nomen
1051 2919 1254 2991 comparativum
1264 2936 1346 2990 aper·

388 2993 465 3065 tius,
482 2991 592 3050 alteram
604 2992 706 3049 uerbum
720 2989 845 3050 tollatur.
863 2994 878 3024 ⁴
888 3012 938 3072 pro
951 3003 983 3049 ut
996 2993 1045 3071 leg.
1065 2995 1169 3052 uidetur
1184 3005 1265 3070 utut,
1279 2994 1343 3055 Col.

388 3091 457 3147 1,1
476 3073 527 3145 fin.
549 3084 580 3129 ut
597 3084 752 3148 occupato.

380 3171 385 3178 ·
431 3153 585 3228 Utensrlia‚
608 3152 711 3231 quibus
727 3164 777 3213 aut
795 3150 881 3213 alitur
897 3151 1049 3213 hominurn
1066 3173 1172 3235 genus,
1191 3167 1241 3216 aut
1259 3175 1347 3218 erco.

389 3233 475 3310 litut,
491 3233 553 3296 001.
570 3256 594 3308 r,
613 3255 637 3313 3.
656 3258 692 3308 2,
712 3254 760 3313 13.
782 3255 827 3307 12,
852 3255 876 3294 r.
896 3236 936 3293 ira
952 3234 1070 3295 utenlile
1087 3236 1146 3310 far,
1166 3238 1281 3314 vinum,
1300 3241 1349 3303 reis

388 3316 469 3378 Varr.
493 3337 525 3388 r,
543 3339 569 3376 2.
587 3315 753 3376 utensilibus
769 3316 900 3376 collectis
915 3315 1044 3377 revolant
1059 3336 1143 3394 apes,
1163 3318 1225 3381 Col.
1244 3341 1279 3402 9,
1300 3340 1326 3399 5.

430 3398 566 3473 Uterque.
586 3416 619 3458 ea
634 3417 678 3458 res
693 3411 827 3474 utraque,
840 3396 906 3458 001.
925 3420 954 3473 1,
966 3420 994 3480 9.
1014 3400 1091 3475 quod
1104 3415 1257 3478 utrumque
1267 3401 1347 3463 usur-

389 3491 494 3557 patur,
509 3477 573 3539 001.
597 3479 982 3559 3‚14.utraequesummae,
1003 3480 1066 3541 Col.
1087 3502 1121 3563 5,
1143 3504 1168 3544 1.
1192 3501 1253 3560 quae
1274 3497 1348 3552 utra·

392 3579 449 3636 que
466 3580 586 3636 genera,
604 3561 664 3621 Col.
691 3560 1152 3640 5211·fi000¹·-127&8·4‚
1174 3584 1198 3622 r.

429 3643 549 3703 Uterum
563 3644 719 3719 corrumpit
746 3644 775 3701 in
793 3642 897 3702 ovibus
914 3661 988 3719 aqua
1002 3645 1079 3704 varia
1096 3656 1227 3723 tempore
1246 3641 1350 3707 admiss

392 3720 476 3793 furae,
497 3723 576 3784 llarr.
594 3745 628 3794 2,
646 3747 676 3784 2.
690 3726 720 3782 in
735 3741 816 3784 utero
838 3724 927 3797 dolii,
946 3723 1009 3785 001.
1030 3745 1085 3799 12,
1105 3748 1132 3800 4.
1375 3785 1383 3808 Ι

436 3805 519 3866 Utilis
541 3803 621 3880 sapor
639 3824 812 3881 pomorum,
832 3805 896 3866 Part
918 3827 952 3880 4,
977 3827 1021 3866 ro.
1037 3809 1129 3884 magis
1144 3807 1241 3868 utilior
1259 3824 1350 3885 nepo·¹

394 3881 491 3959 tibus,
509 3904 594 3961 quam
617 3884 702 3958 filiis,
723 3887 782 3946 001.
804 3887 832 3961 6,
857 3906 901 3967 37.
913 3891 928 3920 ⁴
945 3887 1067 3947 utillime
1084 3889 1111 3946 ἓν
1131 3890 1268 3951 utillimus
1283 3894 1349 3950 MS.

393 3963 814 4047 Pall.8‚1.11‚4.12,15.

436 4047 476 4110 ed
496 4046 656 4116 Utilitatem
675 4048 837 4126 adducere,
859 4052 890 4111 de
910 4052 974 4112 bore
990 4053 1134 4127 domando,
1156 4049 1353 4129 Varr.1,'2c.
