3425 5075
562 568 1230 666 nosr1cum·

410 751 528 827 Pullus,
545 775 581 829 a,
605 774 667 824 um,
684 753 786 814 vidntur
807 754 873 813 lanc
899 736 981 829 lusam
993 748 1212 832 significationen
1230 746 1333 837 labere,v
1389 753 1392 758 ’
1448 754 1449 757 ’

368 855 435 902 certe
451 834 529 914 pulla
550 847 642 905 terra,
658 834 827 906 tenerrima,
846 834 1030 913 Car.151.&
1046 834 1121 894 Plin.
1139 857 1180 908 17,
1196 856 1214 909 5
1234 859 1266 894 ex
1281 837 1331 894 Ca·
1416 852 1418 859 ·

370 939 451 990 rone,
471 928 573 976 terram
599 924 746 986 teneram,
770 934 831 992 quae
855 923 974 975 vocetur
993 911 1081 990 pulla.
1105 913 1215 975 Pullum
1236 913 1330 993 solum

371 999 526 1076 Campanis
549 1009 632 1073 putre
650 997 689 1077 (i.
709 1019 730 1056 e.
749 996 885 1075 finlmun,
902 1014 1012 1052 renerum
1031 996 1057 1054 δ’
1075 996 1181 1075 ipsum)
1202 995 1266 1057 Col.
1288 1003 1330 1071 ι,

372 1101 421 1142 ιο.
445 1081 506 1139 ndi
524 1100 552 1158 3,
573 1098 617 1138 11.
639 1080 694 1138 Sed
709 1075 725 1108 ⁴¹
740 1074 819 1152 pulla
840 1077 919 1133 enan
934 1076 1029 1154 nigra,
1048 1074 1110 1137 Col.
1126 1097 1150 1146 ι,
1171 1076 1248 1138 Praef.
1260 1076 1326 1154 pul·

370 1161 408 1222 lae
420 1162 510 1231 lanae,
529 1158 592 1219 Col.
608 1180 643 1240 7,
656 1162 692 1219 ἰ.
712 1155 792 1234 pulla
813 1154 943 1234 superior
958 1173 1023 1233 pars
1041 1156 1161 1234 tergoris
1180 1159 1210 1217 in
1225 1156 1333 1236 lepori·

371 1242 428 1306 bus
468 1241 545 1300 Van.
592 1259 666 1313 ,12.

413 1259 638 1384 romenellum
661 1316 796 1390 familia,
823 1317 886 1380 Cat.
910 1314 955 1399 58.
972 1315 1166 1396 pulmentaria
1189 1319 1331 1381 condiun.

372 1416 421 1466 tur
438 1401 575 1476 satureia,
591 1398 655 1461 Col.
674 1420 721 1475 ιι,
743 1420 768 1482 3.
783 1402 798 1432 ⁸
811 1409 859 1479 pro
875 1399 935 1476 vase
949 1400 1003 1460 vid.
1029 1397 1135 1461 Plutar.

414 1481 561 1546 Pulmonis
583 1481 789 1541 exulcerationi
810 1493 842 1540 ur
864 1494 1044 1551 occurratur,
1065 1479 1131 1554 Col,
1151 1477 1252 1556 6,14.

415 1561 597 1627 Pulmonaria
616 1564 679 1623 ovis
699 1565 727 1623 ἃ
744 1561 789 1623 sus
804 1572 836 1622 ut
859 1573 1011 1638 curentur,
1029 1559 1092 1624 Col.
1110 1581 1142 1641 7,
1162 1579 1188 1646 ς.
1207 1580 1244 1622 ne
1263 1559 1334 1623 fiant

373 1645 563 1727 pulmonariae
583 1642 662 1717 sues,
682 1641 746 1705 col.
762 1665 793 1720 7,
814 1663 858 1704 ιο.
1175 1651 1177 1656 ’

418 1723 641 1799 Pulmunculus,
665 1725 735 1802 Veg.
759 1744 794 1799 n,
820 1724 855 1805 56
876 1723 904 1780 in
927 1725 1012 1804 pede:
1023 1722 1074 1803 sed
1091 1724 1119 1784 in
1136 1725 1209 1804 donst>
1232 1743 1265 1794 ι,
1285 1722 1334 1788 61.

372 1807 534 1890 fistulrnfirm,
551 1823 675 1887 utputo,
696 1805 828 1885 utrobique
843 1802 919 1863 ulcus
929 1851 939 1880 ‚
951 1804 1084 1883 pulmonis
1106 1806 1193 1885 instar.
1209 1805 1293 1865 Solin.
1310 1827 1335 1887 ε.

375 1912 418 1966 49
433 1886 548 1948 camelis
566 1885 720 1948 Bactrianis
739 1888 768 1955 in
783 1885 861 1946 nune
875 1886 921 1945 hoc
938 1886 1044 1947 tribuit,-
1060 1883 1099 1946 Hi
1118 1904 1264 1962 nunquam
1280 1884 1337 1962 pe·'

378 1971 430 2030 des
453 1980 595 2041 atterunt,
619 1967 686 2028 sunt
707 1966 785 2028 enirn
809 1964 865 2026 illie
888 1967 1043 2045 reciprocis
1071 1965 1244 2045 quibusdam
1264 1963 1337 2046 pul·

377 2049 524 2112 munculis
548 2048 663 2126 vestigia
686 2046 875 2122 carnulenta,
891 2048 937 2112 rel.

418 2130 526 2208 Pulpa,
545 2130 609 2191 Cat.
630 2128 679 2210 83.

416 2211 485 2274 Puls
506 2211 611 2272 Punica
630 2222 663 2270 ut
681 2207 748 2282 liat,
770 2208 832 2273 Cat.
850 2208 899 2290 85.
988 2272 989 2277 ,

418 2291 575 2353 Pulturium
598 2288 754 2352 infudibuli
779 2291 879 2352 inversi
908 2289 1014 2368 figura,
1032 2287 1102 2352 Poll.
1121 2312 1159 2371 7,
1174 2313 1203 2374 7.
1229 2291 1338 2376 quidun

378 2373 615 2456 pulmentarium.
639 2371 728 2433 ollam
745 2390 824 2432 uocat
844 2370 908 2432 Col.
926 2394 965 2454 9,
984 2391 1030 2450 15.
1362 2442 1365 2446 ⁴

423 2455 454 2513 in
468 2450 606 2515 Pultarios
619 2453 705 2513 condi
719 2471 806 2528 uvas,
825 2451 895 2514 Col.⁴
907 2471 963 2525 12,
979 2474 1026 2534 43.
1042 2451 1126 2514 intell.
1133 2451 1206 2532 fhrre
1219 2469 1339 2514 urceos:
1426 2454 1431 2479 '

376 2540 443 2619 [unt
462 2554 525 2594 certe
540 2535 608 2615 oasa
624 2535 755 2615 oblonga,
778 2535 839 2595 laxe
852 2532 1001 2613 recipienria
1024 2553 1113 2596 uuam.
1147 2544 1149 2549 '

332 2643 335 2649 ·
425 2613 765 2689 Pulticulaefrumento,
788 2614 851 2678 Col.
874 2614 909 2689 8,
926 2634 972 2675 ιι.

426 2694 587 2756 Pulvoratio
605 2695 724 2757 novella
743 2697 847 2770 vineae,
861 2694 928 2759 Pall.
949 2718 987 2769 4,
1004 2714 1033 2771 7.
1051 2693 1147 2768 rustici
1164 2704 1271 2756 vocant
1288 2704 1341 2755 oc·'
1411 2697 1413 2702 '

384 2778 550 2852 cntionem,
571 2776 635 2838 Col.
659 2798 703 2851 11,
728 2800 754 2840 2.
779 2777 991 2857 pulverationes
1008 2778 1129 2853 vitium,
1150 2776 1213 2839 Col.
1229 2800 1267 2851 4,
1291 2775 1342 2839 28.
1426 2823 1428 2826 -

384 2861 412 2921 n.
428 2881 450 2918 e.
468 2856 594 2937 foffiones
609 2862 678 2937 ficco
692 2862 752 2939 solo
773 2860 871 2939 frana,
894 2860 987 2942 quibus
1010 2859 1101 2938 pulvis
1125 2863 1262 2919 excitatur.
1280 2860 1342 2920 vid.

383 2945 459 3000 Serv.
485 2942 522 2996 ad
542 2938 612 2997 illud
638 2940 732 3019 Georg.
759 2964 796 3013 2,
814 2944 887 3015 4¹8,
910 2937 1097 3001 Sollicitando
1122 2950 1220 2999 tamen
1237 2936 1340 3010 tellao,

386 3017 534 3098 pulvisque
559 3019 739 3092 movendus;
756 3023 783 3079 6·
800 3021 915 3099 Salnafi
935 3020 973 3075 ad
994 3018 1083 3078 -Solin
1106 3040 1129 3080 c.
1152 3041 1209 3099 33,
1224 3039 1253 3098 p.
1273 3026 1343 3095 363.

385 3102 472 3182 Apud
493 3100 599 3160 Graecos
617 3120 703 3160 tanen
727 3097 955 3176 pulverationem
974 3119 991 3156 a
1007 3096 1128 3157 foffione
1150 3098 1291 3177 distingui,
1308 3118 1344 3156 ex

387 3183 485 3242 Bodaeo
497 3183 535 3239 ad
554 3180 681 3259 Tleopnr.
699 3202 732 3250 2,
747 3181 768 3238 8
782 3196 885 3252 monet,
904 3179 948 3258 qui
960 3177 1038 3234 etiarn
1057 3178 1179 3253 Salmafii
1198 3180 1282 3237 hrum
1298 3177 1343 3235 in·
1454 3245 1457 3262 Ι

386 3262 488 3321 dicavit
509 3261 549 3322 Cl.
569 3257 766 3340 Scloettgenius.
790 3263 884 3322 Verum
902 3274 976 3321 extra
990 3259 1180 3335 controverfian
1200 3277 1251 3317 rem
1265 3258 1345 3338 ponit

389 3341 454 3404 eol.
474 3342 542 3405 Arb.
564 3361 608 3403 12.

428 3421 581 3484 Puluerare
599 3420 682 3496 vites,
707 3418 776 3483 Pall.
796 3418 834 3495 8,
859 3441 886 3484 ι.
906 3418 1021 3496 vineae,
1041 3416 1104 3484 Col.
1129 3436 1176 3496 ιι,
1191 3441 1221 3481 2.

428 3501 591 3576 Pulvinuli,
608 3501 669 3564 Col.
693 3500 760 3564 llrb.
786 3522 830 3563 10.
848 3503 875 3563 δ’

431 3582 545 3641 Pulvini
568 3583 642 3644 fiunt
657 3603 673 3644 e
691 3596 764 3644 terra
783 3584 822 3643 ad
843 3581 960 3646 violaria
975 3580 1141 3655 obruenda,
1156 3581 1235 3642 Varr.
1256 3599 1284 3656 ι,
1300 3589 1349 3662 355

390 3662 430 3725 ad
450 3659 557 3722 lineam
575 3666 712 3738 excitari,
729 3662 798 3727 Pall.
824 3686 857 3748 3,
875 3686 921 3741 24.
939 3660 1096 3741 *pulvinis
1116 3661 1245 3723 testaceis
1267 3659 1348 3722 fibu-

391 3744 490 3805 lantur
505 3744 644 3817 junctura
660 3749 820 3823 parietum,
837 3744 901 3807 Col.
923 3766 950 3822 1,
962 3743 991 3807 6.
1006 3744 1121 3805 Puluini
1136 3744 1193 3826 isli,
1206 3745 1263 3821 five
1278 3741 1346 3817 rori,

327 3856 331 3864 >
389 3829 453 3906 sunt
463 3842 554 3903 partes
569 3824 746 3905 'cylindrorum
763 3829 792 3887 in
810 3828 997 3909 longitudinem
1010 3823 1199 3906 quadrifariam
1212 3827 1347 3904 seilonan,

393 3922 425 3962 ut
441 3924 518 3961 arcus
532 3904 677 3981 nonaginta
696 3910 823 3987 graduum
842 3910 872 3967 in
895 3909 1010 3967 horreum
1020 3923 1131 3987 pateat,
1144 3905 1249 3983 reliquis
1263 3922 1348 3964 autem

388 3982 575 4067 sirprrficiebus
589 3985 702 4061 angulus
718 3992 818 4062 retius,
837 4008 909 4067 quern
924 3988 1036 4054 includit
1051 3986 1139 4063 paries
1153 4005 1208 4042 cum
1215 3984 1289 4065 stilo,
1301 4006 1361 4052 αι.

392 4066 512 4147 plentur,
527 4080 556 4124 ur
569 4064 642 4124 locus
655 4063 700 4125 ille
715 4067 787 4129 rimis
803 4068 911 4128 altaro
925 4068 1000 4130 mois
1017 4065 1169 4128 aninmliurn
1178 4084 1348 4148 opportunus,
